2202 3918
285 240 391 295 806
784 278 787 283 .
944 241 946 244 ’
1019 234 1399 287 ΜΕΝΔΝΒΒΙ

1092 375 1338 428 cccxl..

383 481 746 536 Eustathius
782 470 832 546 p.
874 479 1043 531 1299:
1090 474 1350 539 Αττικὸς
1398 477 1456 528 δὲ
1501 473 1643 546 ἀνὴρ
1679 473 1743 528 τό
1782 472 2148 550 μελαγχροιὴς

289 566 596 641 μελαγχρὴς
633 567 791 634 λέγει.
867 557 1011 616 ὅθεν
1046 566 1141 619 καὶ
1180 565 1508 635 Μένανδρος
1555 564 1994 638 μελαγχρές,
2032 583 2149 636 tpa-

292 655 399 722 σίν,
436 655 587 710 εἷπεν
619 647 1014 723 μειράκιον.
1088 657 1151 709 V.
1193 657 1316 708 edit.
1355 658 1475 708 mai.

1084 798 1352 851 cccxm.

430 906 633 957 Seneca
671 906 882 970 Quaest.
923 905 1041 956 Nat.
1082 905 1261 956 Praef.
1309 905 1428 956 libri
1467 905 1540 957 IV
1576 920 1628 971 p.
1667 904 1804 954 693.
1851 904 1972 958 Aut
2016 902 2153 954 illud

291 994 580 1046 Menandri
619 991 769 1061 (quis
808 996 947 1044 enim
983 1011 1089 1044 non
1127 996 1186 1045 in
1223 995 1319 1044 hoc
1355 995 1779 1062 magnitudinem
1819 994 2028 1061 ingenii
2061 993 2148 1042 sui

293 1066 623 1144 concitavit,
670 1082 968 1132 detestatus
1017 1100 1322 1134 consensum
1366 1083 1586 1132 humani
1627 1085 1839 1149 generis
1876 1083 2145 1152 tendentis

294 1171 370 1222 ad
403 1169 613 1239 vitia),·
666 1187 840 1220 omnes
878 1173 962 1221 ait
998 1172 1164 1222 malos
1202 1173 1408 1232 vivere,
1448 1177 1501 1220 et
1537 1172 1597 1219 in
1632 1187 1842 1219 scenam
1880 1150 2022 1219 velut
2058 1187 2146 1219 ru·-

294 1260 464 1309 sticus
490 1263 657 1325 poeta
688 1259 957 1325 prosiluit.
1024 1275 1130 1307 non
1166 1276 1340 1308 senem
1379 1259 1597 1324 excipit,
1634 1274 1739 1307 non
1766 1274 2006 1324 puerum,
2043 1274 2148 1307 non

284 1350 581 1415 seminam,
628 1363 735 1398 non
771 1347 940 1396 virum
952 1365 973 1406 ‚·
1020 1351 1075 1395 et
1111 1347 1307 1397 adiicit
1343 1363 1448 1396 non
1483 1344 1720 1413 singulos
1752 1346 2004 1414 peccare,
2051 1363 2148 1396 nec

273 1453 506 1504 paucos,
540 1436 636 1487 sed
663 1437 779 1495 ‚iam
816 1435 984 1486 scelus
1023 1451 1133 1485 esse
1171 1437 1483 1501 confectum.

1068 1577 1367 1658 cchLu.

437 1684 700 1735 Ausonius
738 1683 913 1733 Praef.
951 1684 1102 1736 Cent.
1143 1684 1301 1750 Nupt.
1343 1700 1393 1750 p.
1435 1684 1536 1733 169
1582 1687 1761 1750 poetas
1811 1697 2031 1748 quorum
2069 1682 2148 1732 la-

291 1772 442 1821 sciva
480 1774 703 1839 pagina,
741 1773 858 1821 vita
883 1771 1056 1838 proha
1093 1772 1210 1834 fuit,
1251 1788 1685 1823 commemorans:
1722 1769 1863 1823 Nam
1887 1771 2016 1839 quid
2031 1771 2149 1821 An-

292 1862 449 1910 niani
473 1861 816 1926 fescenninos
837 1860 865 1908 22
912 1861 1043 1926 quid
1090 1863 1454 1928 antiquissimi
1495 1867 1691 1928 poetae
1726 1859 1920 1909 Laevii
1955 1857 2148 1909 Eroto-

284 1951 562 2014 paegnion
600 1948 759 1998 libros
797 1948 1018 2014 loquar?
1065 1950 1196 2016 quid
1227 1950 1497 2011 Euenum,
1549 1965 1697 2015 quem
1733 1945 2026 1997 Menander
2059 1960 2149 1993 sa-

285 2038 528 2101 pientem
575 2038 826 2085 vocavit?
901 2037 1030 2102 quid
1087 2040 1258 2103 ipsum
1302 2037 1695 2087 Menandrum?
1744 2034 1874 2102 quid
1923 2033 2146 2082 comicos

298 2139 501 2186 omnes,
541 2124 724 2190 quibus
760 2140 945 2173 severa
987 2126 1103 2174 'vita
1142 2131 1250 2186 est,
1301 2131 1356 2174 et
1393 2124 1537 2174 laeta
1571 2124 1843 2173 materia?
1911 2122 2152 2172 Euenum

299 2211 424 2260 dicit
461 2211 603 2261 haud
641 2212 798 2262 dubie
838 2228 988 2275 eum,
1030 2215 1177 2263 cuius
1218 2214 1411 2279 elegias
1450 2213 1724 2263 amatorias
1762 2196 2014 2262 memorat
2051 2211 2149 2261 Ar-

299 2299 480 2348 temid.
520 2300 758 2350 Onirocr.
801 2302 821 2350 1
860 2301 911 2351 4.
997 2300 1115 2352 vid.
1156 2303 1216 2352 F.
1255 2301 1550 2353 Schreiberi
1600 2302 1812 2352 Disuert.
1843 2299 1926 2350 ‘de
1954 2298 2150 2350 Euenis

303 2383 472 2435 Pariis
509 2386 683 2437 Goett.
723 2388 880 2438 1839.

1059 2494 1382 2545 CCCXLIII.

439 2595 641 2646 Plinius
680 2598 749 2649 H.
788 2599 852 2649 Ν.
890 2599 1013 2649 xm
1052 2602 1119 2651 2:
1165 2600 1402 2650 Telinum
1424 2601 1504 2664 fit
1541 2616 1608 2648 ea·
1645 2598 1755 2649 oleo
1791 2599 2024 2662 recenti,
2063 2614 2149 2663 cy·-

288 2698 456 2748 perc),
493 2684 753 2746 meliloto,
790 2687 971 2748 melle,
1009 2704 1187 2750 maro,
1224 2702 1490 2737 amaran.
1565 2687 1685 2737 Hoc
1723 2694 1840 2737 erat
1878 2686 2151 2736 celeberri-

298 2787 436 2821 mum
473 2770 757 2823 Menandri
786 2781 983 2840 poetae
1019 2778 1209 2826 comici
1246 2782 1446 2826 aetate.

1071 2918 1388 2968 CCCXLIV.

443 3016 641 3069 Plinius
679 3023 746 3072 Η.
788 3025 850 3073 N.
889 3023 1033 3074 XXX
1072 3026 1111 3073 2¹
1146 3024 1211 3072 de
1251 3008 1591 3074 marmoribils
1631 3039 1814 3090 agens:
1862 3023 2149 3073 Versicolo-

299 3121 381 3152 res
420 3108 626 3171 quidem
663 3111 898 3161 nzaculas
936 3119 989 3162 et
1027 3115 1085 3161 in
1123 3118 1292 3161 totum
1329 3129 1642 3163 marmorum
1680 3118 1996 3179 apparatum
2032 3110 2142 3161 Me-

296 3193 502 3243 nander
537 3197 718 3257 etiam,
765 3198 1208 3265 diligentissimus
1244 3199 1490 3249 luxuriae
1536 3202 1812 3266 inter-pree,
1842 3203 2046 3266 primus
2096 3209 2147 3250 et

296 3297 420 3330 raro
470 3285 681 3350 attigit.
769 3286 1018 3352 Respexit
1057 3289 1243 3353 opinor
1278 3286 1343 3335 ad
1383 3303 1468 3336 eas
1508 3288 1960 3338 Menandricarum
1998 3289 2148 3339 fabu-

297 3367 462 3419 larum
512 3377 717 3435 petrice,
782 3373 833 3424 in
883 3377 1070 3439 quibus
1123 3375 1435 3426 domesticae
1485 3376 1823 3443 supellectilis
1872 3381 2147 3442 apparatus

298 3456 696 3509 describeretur.
