2202 3918
611 162 945 215 FABULAE
986 162 1057 214 ΙΝ
1062 164 1366 220 CERTAu.
1809 172 1916 224 82²

906 304 1071 358 XXV.

62 397 237 447 Homo
271 408 416 445 sum:
454 408 588 460 quae
624 392 774 444 nobis
811 406 965 443 causa
1002 393 1162 460 longe
1199 391 1416 445 maxima
1453 403 1533 447 est

63 500 157 536 cur
191 483 294 533 vita
330 498 591 549 uunquam
629 487 776 532 vacet
812 498 843 532 a
879 482 1262 533 moestitudine.

890 587 1081 641 XXVI.

61 680 314 740 Fortuna,
350 684 409 729 ut
444 676 826 745 eynssfisntrir,
862 691 967 727 uno
1006 693 1101 744 pro
1143 676 1279 730 bono

61 767 369 819 mortalibus
407 767 505 818 tria
542 782 722 818 rursus
760 766 1011 817 admiscet
1047 766 1200 817 mala.

802 872 1002 926 XXVII
1042 890 1086 924 a.
1126 873 1177 924 b.

61 962 149 1014 Nil
184 961 369 1012 stabile
404 962 458 1012 in
496 978 623 1012 aevo
662 963 891 1011 cernitur
929 961 1238 1022 mortalium,

60 1048 299 1101 ueo'fata
336 1050 603 1115 quisquam
642 1049 793 1116 fingit
829 1048 1042 1099 arbitrio
1081 1063 1195 1100 suo.

870 1155 1114 1207 XXVlll.

64 1245 110 1296 0
148 1259 300 1311 quam
339 1243 614 1294 molestum
654 1247 733 1293 est
771 1243 859 1292 ubi
898 1259 1054 1308 quem
1094 1242 1471 1294 sollicitudines

0 1400 2 1410 ‚
61 1332 320 1395 mordent,
357 1338 466 1382 tum
505 1330 735 1398 quemvis
773 1336 961 1385 testem
1002 1333 1120 1399 cogi
1157 1333 1447 1383 admittere.

891 1439 1083 1490 XXIX.

61 1528 272 1580 Nullum
308 1526 611 1593 impudente
648 1532 728 1577 est
765 1527 953 1583 animal
991 1527 1356 1579 confidentius·

60 1617 337 1669 damnosus
373 1616 542 1682 pudor
579 1621 659 1666 est
693 1617 746 1668 iu
785 1633 949 1689 reguo
986 1617 1356 1684 impudentiae.

905 1723 1073 1774 XXX.

0 1797 6 1891 l
59 1812 290 1865 Luorosa
326 1828 411 1864 res
448 1810 772 1863 mendacium
810 1815 891 1863 est
926 1812 979 1862 in
1016 1818 1269 1879 tempore.

885 1917 1074 1970 XXXI.

67 2005 126 2058 Si
162 2006 369 2059 noveris
408 2006 532 2074 quid
569 2007 637 2059 sit
674 2006 851 2071 homo,
890 2008 1034 2059 vives
1073 2009 1297 2060 suavius,

878 2115 1025 2167 XXX
1059 2116 1096 2167 l.

61 2200 280 2253 Beatum
316 2200 551 2254 efficiunt
587 2203 818 2270 probitas
856 2210 909 2256 et
945 2117 1238 2273 pruldeutia.

858 2311 1104 2366 XXXlll.

61 2394 264 2491 Bonam.
294 2399 525 2467 reperire
562 2415 777 2452 uxorem
818 2401 1202 2455 difficillimum.
1259 2390 1262 2395 ¹

868 2510 1111 2564 XXXIV.

15 2593 22 2642 1
60 2590 244 2648 Puella
279 2595 575 2661 liberamur,
612 2596 815 2648 difficili
851 2615 1007 2666 penu.

717 2707 934 2762 XXXV.
1017 2710 1256 2763 xxxvl.

68 2790 200 2842 Cum
238 2792 311 2843 tin
346 2794 577 2847 mortalis
615 2797 843 2862 genitus,
882 2815 948 2849 ne
988 2815 1176 2865 paveas
1217 2803 1345 2851 mori

21 2905 26 2923 ·
69 2880 209 2931 omni
245 2881 483 2935 medetur
517 2887 672 2954 longa
710 2888 951 2938 tristitiae
990 2890 1120 2940 dies·

854 2996 1000 3047 XXX
1060 2996 1122 3047 ll.

23 3079 29 3116 ὓ
69 3075 188 3129 Vita
228 3075 488 3133 bominum
523 3098 607 3136 res
644 3090 723 3137 est
761 2997 1049 3138 admodum(
1083 3086 1359 3139 mutabilis.

44 3805 114 3918 [R
