2202 3918
804 186 1256 242 EUANGELUS.
1856 199 1965 252 57³

6 380 7 386 ,
113 332 351 385 Correxit
371 328 917 395 Schweighaeuserua.
953 360 1020 371 -—
1060 331 1205 383 Vs.a
1238 322 1297 378 δ’
1338 330 1568 387 additum
1606 352 1634 385 a
1671 337 1960 393 Dindorfio.

5 424 7 490 ξ
72 457 77 459 »
116 422 245 472 ibid.
283 412 481 485 μηδενί
517 418 753 469 Fiorillo.
794 417 935 468 Libri
971 415 1164 484 μηδέν.
1205 450 1275 460 —-
1311 419 1458 470 vs.3
1495 426 1614 471 ante
1637 425 1960 479 Dindorfium

6 536 7 543 κ
111 504 393 575 γίνεσθαι.
432 535 500 544 -
539 507 628 559 νε.
667 506 701 556 4
740 508 780 556 Β
821 498 1118 566 αὐτόπτας.
1155 540 1223 549 —
1263 508 1350 560 νε.
1391 507 1426 557 5
1462 508 1760 564 Dindorfius
1798 520 1963 567 tentat

111 593 221 646 τῶν
254 591 430 645 ἐλαῶν
465 595 567 660 μὲν
609 588 713 661 γὰρ
749 587 932 661 ἄφελε.
1009 595 1120 646 Nisi
1164 590 1365 655 ἐλαῶν,
1421 611 1552 660 quae
1599 598 1680 648 vix
1718 608 1840 666 apte
1875 604 1961 655 hie

110 689 611 743 commemorantur,
647 688 948 748 corruptum
988 689 1096 744 eet,
1142 682 1282 733 haud
1320 683 1492 749 paullo
1531 685 1848 749 probabilius
1887 693 1961 742 vi·

111 774 223 824 deri
249 774 411 841 possit
447 779 566 823 aute
593 764 776 819 πάντα
805 770 1055 821 excidisse
1086 767 1302 836 πρῶτον
1339 771 1422 821 vel
1450 771 1619 838 §imile
1650 773 1789 838 quid.
1831 778 1960 829 Nam

110 855 245 910 ἐλάα
291 867 436 911 recte
483 859 818 925 penultimam
879 859 1145 924 corripere
1201 859 1435 921 videtur,
1493 860 1640 911 cuius
1690 877 1962 915 mensurae

112 966 245 1016 quae
282 947 538 1013 exempla
555 947 655 997 vol.
698 946 770 995 ΙΙΙ
812 962 861 1011 p.
900 946 1006 996 503
1055 947 1229 1008 attuli,
1280 946 1344 996 iis
1398 947 1532 997 adde
1574 949 1869 1015 Philippum
1909 953 1961 1002 in

108 1037 259 1089 Aual.
297 1035 519 1087 Brunck.
563 1034 609 1084 11
650 1050 699 1100 p.
738 1033 859 1083 227.
937 1034 1066 1084 ibid.
1105 1034 1223 1084 libri
1261 1023 1370 1084 ὅσα
1408 1029 1611 1100 βού2ει.
1666 1037 1962 1090 Dindorfiua

106 1115 198 1176 ὅσ’
241 1115 314 1174 ἂν
349 1116 523 1192 βούλῃ
558 1123 643 1173 vel
680 1113 864 1171 ὁπόσα
902 1115 1105 1186 stow-‚ec
1170 1151 1237 1164 ·—
1316 1124 1404 1175 Vs.
1443 1125 1477 1173 6
1514 1119 1692 1188 λαμύς
1730 1142 1824 1192 pro
1862 1124 1962 1175 λα-

108 1208 282 1278 γωοὺς
319 1210 862 1277 Schweighaeuserus.
922 1241 991 1251 —-
1053 1210 1143 1261 νε.
1183 1211 1217 1260 8
1269 1204 1558 1261 κάνδυλον.
1621 1213 1802 1279 ltaque
1839 1232 1960 1282 pro-

111 1302 254 1353 ducit
288 1300 392 1351 hoc
429 1315 615 1350 nomen
654 1296 1006 1365 penultimam,
1045 1314 1197 1364 quam
1226 1301 1403 1351 nescio
1443 1317 1545 1367 quo
1584 1306 1796 1353 auctore
1832 1304 1960 1355 lexi-

107 1404 286 1440 corum
325 1395 618 1440 nostrorum
672 1388 969 1439 conditores
1022 1389 1211 1456 corripi
1250 1390 1600 1442 crediderunt.
1677 1391 1961 1458 compares

107 1481 382 1543 cognatum
453 1476 761 1540 vocabulum
820 1472 1174 1538 κανὸὐταλις,
1235 1477 1286 1528 iu
1334 1494 1434 1544 quo
1487 1481 1611 1530 item
1662 1494 1695 1528 v
1742 1481 1959 1546 produci

107 1564 337 1616 cotendit
385 1562 580 1629 Diphili
626 1564 772 1614 locus
821 1566 873 1614 in
915 1562 1176 1630 Epidicaz.
1217 1582 1265 1630 p.
1305 1569 1429 1618 393.
1516 1569 1572 1619 ln
1621 1569 1727 1618 fine
1775 1586 1958 1620 versus

105 1668 210 1705 uon
260 1652 390 1713 cibi,
457 1651 551 1701 sed
600 1651 738 1701 servi
787 1668 976 1702 nomen
1045 1652 1297 1702 excidisse
1360 1654 1591 1716 videtur,
1653 1672 1807 1720 quem
1869 1659 1959 1708 ille

106 1741 291 1793 eodem
328 1739 545 1790 consilio
583 1755 685 1805 quo
725 1740 897 1805 paullo
944 1743 1062 1790 ante
1111 1740 1368 1807 appellat,
1420 1742 1661 1794 nimirum
1713 1751 1771 1794 ut
1820 1747 1960 1798 inso-

11 1891 13 1895 Α
106 1831 301 1883 lentem
333 1823 647 1879 iactatorem
699 1827 938 1878 abducat.
1025 1829 1285 1896 Supplere
1334 1833 1498 1896 possis
1539 1829 1649 1882 παῖ’
1680 1831 1789 1882 παῖ
1818 1828 1961 1902 Δρό-

104 1934 240 1986 μων,
278 1932 411 1984 quae
447 1916 604 1966 verba
642 1915 796 1967 facile
836 1917 1076 1968 excidere
1115 1923 1412 1984 potuerunt.
1458 1948 1519 1958 -
1560 1921 1650 1973 νε.
1683 1923 1747 1972 10
1784 1926 1960 1990 requi-

105 2008 284 2060 rebam
320 1996 677 2068 ἐπαίρεσθαι.
739 2004 844 2055 Sed
882 2004 1009 2053 ferri
1049 2011 1220 2070 potest
1257 2007 1499 2068 activum,
1539 2014 1596 2058 ut
1632 2010 1744 2076 ipsa
1782 2028 1960 2065 mensa

11 2072 14 2118 ἕ
105 2092 203 2147 τὸν
240 2087 569 2143 δειπνοῦντα
606 2085 851 2157 ἐπαίρειν
889 2091 1106 2144 dicatur.
1144 2092 1397 2144 Similiter
1433 2095 1485 2146 in
1522 2112 1581 2147 re
1619 2092 1960 2153 dissimillima

12 2171 14 2178 ¹
104 2179 352 2251 loquuta·
399 2186 480 2231 eat
519 2178 784 2247 Aristoph.
825 2180 945 2247 Lyn.
983 2179 1086 2230 54:
1142 2174 1483 2232 ἀπολώλεκέν
1525 2200 1593 2250 με
1641 2179 1957 2257 κάπιτέτρι-

107 2289 212 2342 φεν
246 2267 279 2335 ἡ
315 2264 451 2337 γυνή
486 2274 492 2330 l
527 2262 593 2317 τά
633 2261 686 2318 τ’
727 2261 869 2317 ἄλλα
909 2262 1093 2318 πάντα
1131 2264 1606 2338 κάποδείρασ’
1643 2271 1867 2342 οἴχεται.
