2202 3918
1825 205 1931 255 718

87 353 233 416 Quae
268 347 357 414 qul
393 361 489 396 suo
526 359 674 395 more
708 343 743 394 l.
782 360 829 392 e.
869 342 1252 408 elegantissime
1287 342 1358 392 ita
1395 345 1655 396 transtulit
1692 345 1932 397 Grotius:

342 434 579 485 infernas
616 432 680 484 ad
722 432 850 483 Ditis
886 447 1044 497 aquas
1082 447 1177 481 vox
1214 430 1397 479 transit
1432 432 1628 482 inanis:

342 523 495 572 triste
530 522 685 571 silent
723 521 967 571 umbrae:
1006 519 1231 584 caligant
1265 518 1460 568 lumina
1498 525 1669 582 nocte,

89 613 222 665 scite
258 616 311 662 et
348 610 618 661 commode
653 610 853 659 transit
890 608 1062 673 posuit
1101 623 1194 671 pro
1243 621 1308 656 eo
1347 606 1487 672 quod
1531 607 1582 656 in
1622 609 1823 672 graecis
1870 609 1935 660 ad

90 716 265 751 meum
301 714 511 750 sensum
549 711 730 762 parum
769 696 1035 760 eleganter
1067 694 1316 760 scriptum
1355 695 1566 760 legitur,
1603 690 1936 762 διανήχεται.

94 788 246 853 Quod
285 788 383 837 etsi
417 785 612 852 probae
647 790 802 834 notae
839 784 1052 833 verbum
1103 789 1213 845 est,
1270 784 1449 849 inepte
1501 790 1671 833 tamen
1721 777 1830 850 ἀχώ
1873 785 1938 836 ad

91 876 291 928 inferos
329 875 519 923 dicitur
555 864 944 936 διανήχεσθαι,
983 886 1077 935 pro
1117 886 1219 935 quo
1248 872 1420 936 potius
1444 863 1792 920 διανίσσεται
1815 888 1939 936 poe-

93 964 243 1013 triam
281 961 553 1026 scripsisse
590 960 843 1024 suspicor.
896 959 1174 1007 Praeterea
1212 958 1263 1008 iu
1304 959 1536 1009 eiusdem
1577 974 1756 1009 versus
1795 959 1941 1009 initio

90 1050 316 1100 fortasse
362 1041 539 1096 τούτω
599 1040 697 1109 κής
743 1040 918 1093 dium
978 1045 1058 1094 vel
1105 1052 1251 1096 certe
1298 1043 1464 1095 τοῦτο
1507 1044 1600 1099 καὶ
1645 1037 1722 1107 εἰς
1770 1033 1944 1095 ἆΐδαν

93 1138 420 1190 scribendum
457 1142 551 1187 est.

571 1331 1330 1408 EPIMETRUM
1380 1335 1481 1408 V.

165 1504 256 1556 DE
298 1503 484 1555 LEGE
524 1503 826 1569 QUADAM
866 1501 1193 1553 METthA
1233 1505 1318 1554 AB
1361 1503 1897 1557 1AMBOGRAPH18

630 1590 934 1642 GRAECIS
974 1590 1416 1644 OBSERVATA.

235 1723 400 1787 Quem
438 1735 593 1787 supra
630 1737 679 1786 p.
705 1719 810 1770 370
849 1716 1094 1785 adscripsi
1119 1719 1323 1770 Solonis
1363 1736 1566 1771 versum
1607 1721 1954 1785 notissimum,

97 1803 279 1876 ἀρχῶν
327 1802 491 1857 ἄκουε
558 1805 653 1857 καὶ
707 1803 933 1867 δικαίως
990 1801 1249 1868 κάδίκως,
1314 1809 1365 1858 in
1422 1824 1486 1859 eo
1541 1818 1684 1860 recte
1740 1811 1951 1876 quidem

99 1898 526 1950 Schneidewinus
585 1890 767 1962 ἀρχῶν
824 1897 1155 1947 scribendum
1206 1912 1323 1947 esse
1372 1893 1499 1947 vidit:
1557 1915 1667 1964 pro,
1700 1915 1763 1948 eo
1813 1897 1952 1963 quod

102 1987 258 2053 vulgo
305 1986 498 2052 legitur
543 1973 897 2051 ὅρχων,ἐεᾰ
936 1993 1205 2050 praeterea
1257 1987 1549 2036 necessario
1588 1987 1952 2053 corrigendum

107 2082 220 2125 erat
267 2073 360 2124 καὶ
409 2070 597 2123 δίκαια
647 2066 866 2132 κᾶδικα,
916 2073 1351 2139 quemadmodum
1403 2075 1668 2138 verissime
1704 2075 1954 2141 scriptum

105 2170 245 2215 extat
278 2164 331 2213 in
372 2177 524 2212 versu
561 2161 625 2211 ad
663 2160 875 2212 Solonei
921 2163 1141 2212 trimetri
1185 2162 1521 2213 imitationem
1572 2163 1711 2214 facto
1759 2164 1810 2214 in
1849 2165 1956 2229 Ap-

108 2252 265 2320 pend.
305 2250 544 2318 proverb.
583 2248 915 2314 Goettingssll
955 2250 1087 2299 10⁰:
1127 2245 1303 2310 δοῦλε,
1342 2246 1626 2300 δεσποτῶν
1664 2245 1826 2301 ἄκουε
1849 2230 1959 2300 ’καὶ

105 2335 294 2390 δίκαια
331 2332 547 2388 κᾶδικα.
622 2337 718 2388 crr
752 2337 1027 2403 Sophoclis
1064 2338 1236 2404 Antig.
1275 2340 1408 2390 66⁰:
1450 2336 1607 2388 τοῦδε
1644 2332 1960 2406 (ἄρχοντος)

101 2424 206 2498 χρὴ
252 2421 432 2477 κλύειν
477 2423 571 2475 καὶ
624 2421 828 2491 σμικρὰ
874 2424 968 2474 καὶ
1019 2422 1208 2475 δίκαια
1256 2426 1353 2476 καὶ
1404 2421 1690 2477 τᾶνὰντια.
1729 2429 1960 2482 ,Caussa

106 2525 279 2570 autem
318 2516 448 2567 haec
484 2521 580 2575 est,
618 2514 755 2580 quod
795 2530 946 2579 quam
988 2516 1157 2580 legem
1197 2515 1249 2565 in
1281 2516 1459 2581 quinto
1500 2517 1720 2566 trimetri
1761 2516 1895 2582 pede
1931 2532 1962 2565 a

107 2605 318 2671 tragicis
346 2603 515 2671 poetis
552 2603 876 2651 observatam
916 2619 1032 2652 esse
1059 2605 1358 2654 acutissime
1390 2607 1654 2670 perspexit
1677 2605 1962 2663 Porsonus,

112 2694 331 2746 eandem
386 2693 487 2742 iam
540 2697 693 2739 antea
743 2690 1060 2755 antiquiores
1098 2692 1455 2757 iambographi
1503 2699 1607 2742 tam
1659 2708 1843 2742 severe
1880 2708 1964 2742 se-

117 2781 264 2848 quuti
302 2786 421 2829 sunt
460 2785 514 2827 ut
556 2794 622 2828 ne
659 2793 746 2827 eas
786 2778 993 2842 quidem
1035 2780 1381 2843 exceptiones,
1423 2796 1548 2846 quas
1588 2780 1796 2846 tragicis
1837 2780 1967 2829 Por-

113 2883 273 2921 aonua
311 2866 584 2927 concessit,
624 2865 891 2915 admisisse
932 2866 1216 2917 videantur.
1305 2870 1639 2935 Antiquiores
1677 2868 1967 2933 iambogra-

114 2958 249 3025 phos
303 2972 419 3006 cum
476 2954 621 3015 dico,
670 2954 1038 3005 Archilochum
1089 2957 1471 3007 Anacreontem
1512 2958 1758 3007 Solonem
1798 2963 1850 3005 et
1886 2956 1969 3006 Si-

117 3045 379 3096 monidem
416 3044 468 3093 in
507 3051 681 3092 mente
724 3042 921 3104 habe03
974 3044 1161 3107 quibus
1212 3044 1482 3095 addendus
1535 3046 1760 3096 sortasse
1811 3044 1968 3094 etiam

117 3134 426 3199 Hipponax,
462 3131 608 3182 cuius
645 3138 829 3197 poetae
864 3147 927 3180 ex
964 3131 1026 3181 iis
1064 3133 1392 3194 carminibus,
1432 3150 1563 3200 quae
1602 3134 1745 3200 puris
1791 3132 1968 3181 trime-

116 3222 211 3272 tria
243 3220 527 3287 composita
563 3226 726 3282 eraut,
765 3220 862 3270 etsi
898 3235 1158 3287 perpauca
1194 3230 1398 3272 servata
1435 3229 1555 3276 sunt
1592 3218 1968 3290 fragmenta*),

233 3386 275 3436 ·)
305 3382 355 3423 V.
388 3381 704 3426 Sclnneidewini
735 3384 901 3427 Delect.
934 3399 975 3439 p.
1007 3385 1109 3428 220.
1151 3386 1223 3428 ubi
1267 3387 1378 3444 quod
1413 3388 1590 3441 Fragm.
1622 3386 1679 3429 48
1717 3383 1879 3438 legitur
1920 3378 1969 3431 ὅς

119 3472 204 3500 που
234 3458 277 3502 in
310 3457 359 3505 ὃς
389 3473 464 3500 κου
497 3465 537 3501 et
571 3459 702 3502 ortus
730 3459 774 3503 ir.
808 3461 938 3515 θείην
970 3461 1237 3505 mutandum.
