2202 3918
295 234 399 284 730
542 232 544 234 ’
1002 227 1446 282 PHILEMONIS

723 364 1716 421 ΑΝΛΚΑΛΥΠΊὨΝ.

291 462 470 514 Eheu!
510 474 728 527 namque
764 461 893 527 ipsa,
929 464 1245 526 suggerente
1284 458 1506 521 nemine,

289 549 495 601 tristitia
529 565 709 600 vocem
748 552 1034 631 extorquet·
1056 547 1191 598 hanc
1228 546 1544 613 lugentibus.

289 636 430 704 quod
465 637 510 689 si
547 639 662 704 quis
698 639 851 690 Salve
888 637 1023 687 dicat
1060 635 1316 687 moerenti
1354 634 1552 696 obviae,

289 725 491 778 salvere
528 742 671 789 voce,
711 741 894 793 reapse
932 725 1060 777 flere
1097 724 1243 775 illum
1279 723 1441 774 iubet.

774 892 1702 951 ΛΝΔΡΟΦΟΝΟΣ..

287 988 532 1042 Infundat
566 988 750 1057 aliquis
787 989 852 1042 ad
891 988 1190 1058 bibendum,
1228 994 1281 1041 et
1318 991 1565 1054 mattyam

285 1079 437 1130 citius
473 1083 668 1145 parate.

714 1236 1700 1297 ΑΠΟΚΑΡΤΕΡΩΝ.

284 1337 436 1388 Nunc
470 1350 629 1387 nosco
665 1332 926 1386 fortunam
962 1336 1126 1403 probe
1162 1337 1219 1386 ut
1256 1348 1359 1385 non
1398 1347 1500 1383 una
1540 1329 1627 1393 sit,

283 1439 454 1490 neque
490 1422 671 1489 prima,
709 1430 887 1476 nostro
925 1420 1019 1477 sed
1051 1423 1204 1475 simul
1242 1437 1360 1474 cum
1395 1434 1618 1488 corpore

280 1511 492 1562 fortuna
528 1511 678 1563 nobis
715 1512 951 1579 protinus
988 1512 1334 1583 connascitur,

281 1616 379 1652 nec
415 1599 530 1666 quis
567 1598 654 1650 alii
693 1600 888 1654 donare
925 1601 1187 1655 fortunam
1226 1605 1414 1671 potest.

866 1794 1652 1852 AlIIOAIAE'.x

280 1891 393 1942 Nec
428 1889 519 1940 ille
556 1893 753 1939 tantum
792 1889 1007 1955 reperit,
1046 1903 1148 1955 quo
1187 1893 1339 1956 pacto
1378 1890 1466 1942 diu

277 1980 518 2031 absentes
556 1977 687 2026 alter
725 1976 1081 2041 colloquamur
1117 1977 1288 2039 alteri,

278 2072 332 2117 et
368 2082 469 2132 qua
505 2064 901 2130 ratione‚-quod
940 2064 1053 2130 quis
1091 2063 1338 2116 addidicit
1376 2067 1539 2118 semel

277 2153 550 2206 oblivionis
588 2170 618 2203 e
655 2158 916 2219 potestate
955 2153 1160 2216 eximat,

275 2248 418 2294 retro
455 2247 601 2309 gesta
639 2247 1065 2308 repraesentans:
1104 2254 1283 2292 verum
1321 2242 1452 2295 adeo
1490 2243 1702 2312 insuper

274 2331 486 2398 reliquit
522 2330 677 2382 animi
716 2330 1074 2382 medicatrices
1113 2329 1328 2382 litteras⁰

764 2502 1642 2585 ET'XEIPIAION.

275 2596 463 2652 Vultus
504 2596 742 2658 minatur,
777 2595 962 2662 pavida
1000 2610 1146 2645 mens
1182 2594 1323 2646 intus
1359 2595 1525 2647 sedet.

666 2780 1759 2843 ΕΞΟΙΚΙΖΟΜΕΝΟΣ.

274 2882 436 2941 llere,
475 2878 704 2945 quisquis
741 2884 822 2928 est
856 2879 1012 2929 homo
1051 2882 1216 2938 natue,
1256 2878 1484 2943 quamvis
1522 2879 1713 2930 serviat

273 2970 318 3021 is
353 2968 670 3028 servitutem,
709 2972 882 3019 tamen
919 2984 1036 3019 esse
1071 2966 1230 3018 homo
1267 2983 1372 3018 non
1410 2965 1615 3019 desinit.

712 3167 1677 3234 EHJAIKAZOMENOE.

1183 3280 1224 3330 1.

277 3366 463 3420 Nullus
501 3370 781 3417 concentus
819 3371 899 3418 est
934 3366 1111 3419 auditu
1149 3369 1372 3431 suavior,

281 3470 432 3521 quam
471 3469 628 3521 quum
665 3453 965 3520 dissimulat,
1002 3457 1198 3522 petitur
1233 3458 1322 3524 qui
1360 3457 1627 3511 conviciis:
