2202 3918
230 207 333 257 100
568 242 575 247 .
970 184 1350 255 MENA‘N‘nm

692 382 1622 439 AAP-AANOS.

540 619 659 671 Καὶ
696 613 872 686 λαιμά
908 609 1159 684 βακχεύει
1195 610 1386 682 λαβών
1422 609 1492 666 τὰ
1522 608 1801 684 χρήματα.

375 735 666 788 Scholiasta
722 730 1081 797 Aristophanis
1139 731 1232 782 AV.
1290 729 1459 780 1562:
1515 721 1950 796 παραπεποίηκε
1983 724 2083 791 (τό

234 821 445 891 λαῖμα)
495 816 649 889 παρὰ
696 815 759 868 τὸ
813 811 1032 885 λαιμόν.
1107 810 1225 866 ἔστι
1262 813 1319 866 δὲ
1356 816 1450 866 καὶ
1488 812 1638 884 παρὰ
1675 808 1988 885 Μενάνδρῳ
2026 813 2085 864 ἐν

237 906 510 979 ΔαρδάνῳΕ
544 907 666 959 Καὶ
702 905 876 975 λαῖμα
915 897 1165 971 βακχεύει
1202 900 1391 969 λαβών
1429 900 1498 954 τὰ
1539 899 1823 973 χρήματα.
1878 936 1947 945 —-
2006 898 2087 953 ἔτι

234 998 423 1069 μέντοι
468 993 578 1046 τῶν
626 995 749 1065 περὶ
806 990 908 1056 τὴν
951 986 1164 1043 Ἀσίαν
1222 994 1358 1053 τινὲς
1404 990 1495 1044 ἐπὶ
1542 991 1652 1043 τῶν
1700 987 1947 1065 ᾇναιδῶν
1993 991 2090 1041 καὶ

236 1081 519 1155 εὐτόλμων
556 1077 698 1135 οὕτω
736 1082 1004 1150 λέγουσιν.
1043 1071 1177 1148 ὅπερ
1211 1076 1639 1150 συμφωνότερόν
1675 1080 1791 1132 ἐστι
1828 1077 1904 1151 τῷ
1938 1075 2090 1148 παρὰ
2193 1096 2202 1116 ·÷

237 1170 570 1246 Μενάνδρῳ.
610 1175 778 1227 Recte
817 1171 1083 1224 Bentleius
1120 1165 1297 1239 λαιμὰ
1334 1172 1574 1223 correxit.
1612 1172 1891 1223 Cod.Rav.
1916 1166 2085 1236 λῆμα.

1052 1325 1120 1376 11.
1196 1325 1315 1380 111.-

377 1433 658 1486 Erotianus
706 1433 830 1484 Lex.
869 1416 1032 1500 Ilipp.
1071 1432 1192 1483 172.
1238 1424 1668 1498 Ἡὸύσμασιε
1707 1428 1821 1490 τοῖς
1845 1426 2091 1498 ’χλωροῖς

234 1520 330 1571 καὶ
367 1519 548 1588 ξηροῖς
585 1514 915 1590 ἀρτύμασιν.
989 1513 1183 1580 ἇττικὴ
1223 1515 1281 1569 δὲ
1317 1512 1351 1582 ἦ
1390 1517 1558 1582 λέξις,
1605 1513 1677 1579 ὥς
1724 1517 1820 1569 καὶ
1857 1548 1924 1558 —-
1963 1517 2091 1568 Μέ-

222 1606 471 1677 νανδρος
520 1606 579 1657 ἐν
615 1601 900 1676 Δαρδάνῳ.
954 1639 1024 1649 —-
1084 1609 1379 1658 Priscianus
1417 1609 1487 1659 Vi
1530 1625 1579 1674 p.
1615 1609 1747 1658 702:
1797 1605 2091 1657 Menander

238 1713 443 1765 qaoque
480 1698 539 1746 in
577 1697 836 1748 Dardano
873 1690 1044 1764 Δρὶα
1084 1694 1338 1763 παῖρνο
1377 1689 1566 1762 Λρίαν.
1651 1697 1727 1746 De
1775 1694 2091 1746 hawforma

157 1780 171 1791 χ
238 1783 319 1837 cfr
377 1786 605 1836 Bekkeri
643 1785 841 1838 Anecd.
879 1802 930 1851 p.
972 1785 1110 1834 1183
1159 1788 1212 1834 et
1250 1785 1291 1836 1.
1330 1786 1399 1836 Η.
1439 1785 1608 1836 Vossii
1661 1784 1789 1834 Krit.
1829 1783 2028 1832 Bliitter
2066 1783 2089 1833 1

237 1891 291 1940 p.
335 1873 460 1923 173.
500 1904 570 1913 -—
608 1875 685 1924 De
723 1872 823 1923 aiio
862 1873 1018 1925 huius
1054 1873 1264 1925 fabulae
1300 1871 1486 1941 fragm.
1525 1874 1642 1924 vide
1681 1888 1812 1939 quae
1849 1870 1985 1924 infra
2022 1870 2089 1923 ad

238 1961 576 2028 Xenologum
612 1961 867 2014 dicentur.

654 2185 1615 2251 fAE121AA1M52N.

377 2337 764 2392 Nobilissimum
813 2337 946 2389 hanc
993 2338 1220 2398 fabulam
1259 2339 1517 2391 Caecilius
1567 2337 1702 2405 apud
1744 2320 2090 2405 Porphyrium

235 2428 452 2482 Eusebii
492 2428 677 2491 Praep.
715 2427 913 2491 Evang.
938 2426 984 2475 X
1021 2428 1054 2475 2
1092 2444 1142 2492 p.
1172 2427 1278 2477 273
1316 2433 1474 2477 totam
1514 2444 1576 2477 ex
1613 2427 1921 2493 Antiphanis
1953 2428 2091 2478 Oeo-

237 2518 372 2568 nista
411 2530 705 2581 expressam
744 2513 910 2564 fuisse
949 2514 1089 2576 dicit,
1129 2515 1267 2580 quod
1301 2516 1424 2581 quid
1461 2516 1528 2566 sit
1559 2515 1781 2566 indicavi
1803 2515 1940 2566 Hist.
1977 2515 2091 2567 crit.

179 2660 188 2668 Χ
234 2621 286 2670 p.
326 2604 411 2652 32.
498 2601 667 2651 Multa
716 2617 778 2651 ex
831 2618 892 2650 ea
929 2601 1069 2651 haud
1108 2603 1264 2654 dubie
1315 2604 1367 2654 in
1415 2619 1565 2654 suum
1612 2604 1678 2653 de
1717 2603 2088 2669 superstitione

142 2730 148 2731 ff
236 2690 470 2741 libellum
509 2688 761 2738 derivavit
801 2688 1127 2739 Plutarchus.
1179 2692 1362 2741 Obiter
1400 2708 1514 2742 eam
1550 2698 1803 2741 memorat
1839 2690 2099 2756 Alciphro‘

237 2779 405 2843 Epist.
447 2772 495 2825 11
534 2776 568 2825 4
607 2774 706 2825 50:
756 2768 945 2824 πάντα
992 2773 1238 2845 μετέωρα
1282 2775 1382 2827 νῦν
1427 2776 1550 2830 ἐστι
1591 2770 1901 2843 βουλόμενα
1953 2768 2090 2827 ἰδεῖν

240 2859 590 2931 Μένανδρον,
627 2862 722 2912 καὶ
758 2857 992 2913 ἀκοῦσαι
1013 2860 1368 2934 φιλαργύρων
1401 2865 1495 2914 καὶ
1530 2854 1958 2931 δεισιδαιμόνων
1993 2865 2089 2915 καὶ

238 2945 489 3001 ἆπίστων
543 2948 657 3000 κτλ.
750 2953 1026 3003 Primarias
1083 2961 1258 3020 partes
1309 2960 1515 3019 poetam
1574 2955 1790 3004 Phidiae
1845 2953 2087 3004 tribuisse

2191 1184 2202 1278 i

243 3041 401 3090 docet
440 3039 661 3105 primum
699 3038 1078 3104 fragmentum,
1129 3042 1267 3107 quod
1302 3058 1406 3094 non
1455 3043 1633 3093 dubito
1681 3043 1802 3108 quin
1840 3047 1984 3093 recte
2022 3041 2086 3092 ad
2172 3056 2200 3092 -01

237 3127 372 3178 hane
410 3125 636 3176 fabulam
676 3127 984 3179 rettulerim.

1143 3215 1186 3267 Ι.

443 3307 518 3366 Εἰ
551 3315 652 3383 μέν
687 3331 740 3367 τι
775 3313 943 3368 κακὸν
983 3312 1196 3381 ἄληθες
1242 3305 1393 3386 εἶχες,
1438 3315 1656 3381 Φειδία,

440 3420 614 3484 ζητεῖν
651 3416 861 3486 ἀληθὲς
899 3417 1194 3493 φάρμακον
1231 3419 1428 3476 τούτου
1468 3420 1524 3476 σ’
1567 3422 1701 3476 ἔδει·
