2202 3918
311 198 418 248 782
1046 188 1427 273 nummum

314 337 540 405 ingentis
579 335 669 386 isse
707 334 1046 402 compotitum
1090 348 1156 382 se.
1186 332 1307 382 boni

314 431 576 488 autumat,v
601 423 754 475 amici
791 424 877 490 qni
914 423 996 473 vel
1034 421 1274 472 umbram.
1304 420 1578 473 invenerit.

1166 507 1327 559 XXV.

317 601 656 669 quantumvis
691 600 922 652 irritatus
958 615 1019 650 ae
1055 598 1242 648 merito
1282 597 1484 660 dolenS,

316 691 388 742 nil
426 695 625 740 temero
662 688 853 740 facito:
892 689 1084 756 quippe
1120 690 1302 740 brutos
1338 690 1569 755 impetus-

316 781 427 830 irae
463 778 672 830 frenare
706 778 943 844 inprimis
980 779 1266 845 sapientem
1307 777 1476 828 decet.

1153 883 1342 937 XXVI.

319 975 551 1028 Molesta
588 975 743 1040 longa
780 974 891 1025 vita
924 977 1030 1024 est:
1070 989 1100 1023 o
1139 973 1338 1024 senium
1376 987 1552 1038 grave,

320 1081 473 1132 quam
511 1063 638 1114 nihil
676 1063 884 1113 omnino
921 1061 1030 1113 fers
1067 1062 1188 1113 boni
1226 1061 1535 1123 viventibuS,

319 1152 453 1204 mala
488 1151 647 1201 multa
685 1156 737 1200 et
774 1151 970 1202 luctus!
1008 1155 1237 1200 attamen
1276 1155 1329 1200 te
1367 1149 1624 1216 attingere

322 1246 559 1308 optamus
597 1255 778 1290 omnes
814 1245 969 1305 atque
1006 1238 1437 1304 concupiscimus·

1143 1343 1360 1397 xxvn.

325 1435 464 1502 Quid
499 1434 719 1502 cogitavi
759 1433 919 1483 miser
954 1432 1075 1495 heu,
1115 1432 1202 1499 qui
1238 1434 1552 1484 beneficium

325 1542 355 1575 a
391 1523 611 1574 muliere
652 1521 957 1589 expectavi?
995 1521 1119 1572 dum
1157 1538 1224 1573 ne
1261 1522 1524 1589 quippiam

325 1614 447 1664 mali
484 1612 764 1679 indipiscet
798 1611 940 1674 inde,
978 1611 1105 1663 satie
1137 1611 1194 1661 id
1229 1617 1309 1663 est
1342 1612 1489 1662 lueri.

325 1716 548 1767 namque
584 1701 714 1752 adeo
753 1717 784 1752 a
819 1699 1038 1752 muliere
1074 1700 1262 1752 melius
1299 1707 1545 1768 expectes
1583 1697 1731 1750 nihii.

1134 1807 1377 1859 xxvm.

327 1896 383 1947 Si
416 1895 761 1962 navigandum
798 1896 867 1946 sit
905 1895 1088 1946 diebus
1126 1887 1389 1961 quattuor,

330 1988 576 2050 quantum
615 1988 693 2033 sat
732 1987 811 2034 est
849 1999 1093 2050 paramus
1126 1985 1180 2033 in
1218 1983 1437 2034 totidem
1476 1983 1626 2034 d-iee:

330 2088 423 2123 cur
459 2088 563 2124 non
601 2073 727 2122 item
763 2072 986 2123 sollicita
1024 2071 1336 2138 parsimonia
1372 2077 1468 2135 est,

330 2162 574 2213 viaticum
610 2177 679 2213 ne
717 2162 851 2213 desit
885 2161 1045 2212 aetati
1080 2161 1288 2213 mulae?

1166 2266 1360 2318 XXIX.

333 2357 597 2407 Decenter
632 2355 775 2407 ferre
815 2357 1000 2408 damna
1039 2362 1092 2406 et
1131 2372 1223 2407 res
1251 2356 1620 2422 improsperae,

334 2445 585 2511 sapientis
625 2452 709 2496 est
748 2428 1012 2496 officium:
1050 2460 1156 2496 non
1193 2445 1350 2494 ducta
1385 2451 1528 2494 retro

331 2533 727 2600 superciliorum
765 2535 902 2585 nube
940 2535 1183 2594 clamare,
1218 2532 1300 2583 Ah
1341 2532 1508 2596 dolor,

333 2622 427 2674 sed
466 2622 708 2688 quicquid
747 2639 860 2675 sors
893 2623 1077 2675 indixit
1115 2625 1414 2672 constanter
1453 2623 1573 2688 pati.

1168 2727 1359 2779 XXXI.

334 2820 608 2871 Summum
651 2825 731 2868 est
768 2817 985 2869 aviditas
1022 2817 1232 2885 generis
1269 2818 1479 2868 humani
1518 2818 1736 2869 malum:

333 2909 501 2958 aliena
539 2923 759 2973 namque
796 2922 890 2973 pro
929 2906 1038 2956 suin
1074 2907 1162 2972 qui
1198 2907 1479 2969 vindicant,

334 3005 603 3063 persaepe·
626 3012 728 3046 non
767 3001 966 3046 tantum
1003 2995 1239 3062 improba
1277 3012 1371 3062 spe
1409 2996 1655 3046 decidunt

336 3086 476 3148 victi,
515 3085 608 3135 sed
646 3090 915 3152 apponunt
949 3089 1004 3135 et
1040 3085 1232 3135 alienis
1265 3100 1376 3135 sua.

1161 3174 1374 3225 XXXV.

337 3263 492 3315 Eheu
530 3278 613 3312 me
651 3263 914 3325 miserum,
944 3278 1215 3328 quamnam
1253 3262 1311 3312 in
1345 3266 1546 3328 partem
1586 3262 1818 3328 corporis

340 3368 486 3403 mens
524 3358 699 3402 nostra
737 3367 794 3402 se
832 3352 1088 3417 proripuit
1124 3350 1220 3400 ilio.
1254 3356 1507 3417 tempore,

341 3456 500 3507 quum
539 3440 752 3491 nimium
788 3455 973 3491 vecors
1009 3439 1095 3490 hie
1132 3454 1230 3506 ego
1267 3439 1363 3490 ma
1394 3439 1657 3506 praetuli?
