2202 3918
205 185 312 237 368
945 181 1324 237 MENANDRI
2151 252 2164 269 -.
2194 252 2197 260 Ι

207 325 368 378 habet
409 324 558 377 Vind.
597 326 648 379 4.
725 357 788 367 —--
866 323 954 375 νε.
994 323 1099 373 307
1146 322 1284 390 apud
1319 321 1486 373 Boias.
1526 322 1620 372 An.
1661 319 1681 370 1
1719 338 1770 388 p.
1809 319 1913 372 156
1949 317 2057 387 εἴγε
2148 369 2151 374 .

209 411 342 467 νοῦν
378 407 515 483 ἔχῃς.
590 445 655 455 --
730 412 820 464 νε.
858 411 966 461 313
1003 410 1156 461 Vind.
1196 411 1230 459 3
1266 410 1368 476 μὲν
1403 409 1590 460 πεῖσαι
1628 403 1926 477 φάρμακον
1961 424 2058 460 σο·
2146 416 2171 454 t‘

210 496 486 570 ᾳώτατον.
573 500 727 552 Unde
778 499 1020 549 coniicias
1065 490 1136 563 μ’
1178 491 1359 546 ἔπεισε
1408 492 1681 567 φαρμάκῳ
1731 490 2056 568 σοφωτάτῳ.
2143 515 2148 519 ·

210 623 278 634 ..-
317 591 405 643 νε.
444 591 547 639 316
584 589 737 654 vulgo
775 580 990 648 νόσους,
1029 591 1086 636 ut
1122 586 1377 636 Stobaeus
1414 586 1519 636 Tit.
1560 588 1628 636 99
1670 588 1754 637 lo.
1805 587 2058 638 Nostrum

211 685 291 732 est
329 696 361 730 e
398 677 552 729 Vind.
594 677 642 727 1.
718 674 967 725 Similiter
1003 674 1155 725 Vind.
1195 675 1228 723 3
1279 670 1451 722 λῦπαι
1497 671 1591 722 καὶ
1645 668 1750 739 γὰρ
1785 666 2060 740 ἀνδράσιν

208 764 376 819 τίκτει
412 760 596 814 νόσον.
647 794 716 804 ——
764 763 853 813 νε.
893 763 998 812 318
1036 762 1225 825 „Vind.
1263 764 1296 813 2
1335 762 1422 812 dat
1460 757 1557 810 τοῦ
1593 755 1722 825 βίου
1757 750 1927 829 ὅρμος
1961 757 2062 811 τοῦ
2163 732 2169 756 ἱ

212 853 340 924 βίου
377 849 436 903 δ’
477 847 705 912 ἀλυπία,
740 853 1092 928 suprascripto
1131 844 1323 902 πλόου.
1411 851 1468 901 In
1508 850 1692 901 Aldina
1730 856 1810 901 est
1847 843 2064 900 Πλοίου
2163 853 2171 890 ἐ

212 940 379 1012 λιμὴν
412 940 530 1010 μέν,
569 934 830 990 ἀλυπία.”
870 938 1178 990 Schneider.
1263 938 1326 990 V.
1364 933 1712 989 Ritschelium
1751 939 1817 988 ad
1855 939 2063 990 Orionis
2163 999 2169 1011 >A

211 1038 344 1085 sent.
395 1049 445 1099 p.
482 1030 599 1081 Vll.
685 1028 839 1095 Apud
886 1028 1050 1078 Βοίεε.
1091 1027 1286 1078 Anecd.
1327 1027 1348 1077 1
1402 1045 1451 1093 p.
1493 1028 1595 1078 156
1649 1022 1817 1093 λιμὴν
1866 1023 2066 1078 πλοίου

213 1113 399 1191 ὅρμος,
458 1114 579 1183 βίος
635 1109 688 1165 δ’
738 1110 962 1168 ἀλυπία.
1039 1147 1106 1156 -—-
1180 1116 1268 1167 νε.
1307 1116 1411 1165 319
1469 1117 1616 1167 Stob.
1672 1116 1836 1166 Serm.
1897 1115 2066 1170 cxlv
2168 1176 2171 1181 y

212 1228 264 1278 p.
303 1210 402 1260 471
445 1209 590 1258 Grot.
629 1199 966 1274 θεραπεύειν
1005 1220 1098 1269 pro
1138 1194 1363 1253 ἰᾶσθαι.
1419 1235 1488 1245 -—
1549 1203 1639 1255 νε.
1677 1204 1783 1254 322
1821 1203 1936 1255 Ald.
1974 1211 2067 1270 μς.

212 1295 422 1350 σοῦντα
469 1290 636 1362 μίσει.
697 1326 765 1336 —
827 1294 916 1346 νε.
954 1294 1059 1343 323
1097 1292 1319 1354 „Aldina
1364 1292 1508 1343 dedit
1559 1285 1832 1342 δεσπότου
1866 1289 2066 1358 μεῖζον.
2167 1327 2170 1329 »

214 1387 432 1440 Rectius
467 1386 565 1435 sub
605 1383 880 1435 Menandri
931 1382 1144 1433 nomine
1182 1382 1326 1432 Stob.
1369 1381 1475 1432 Tit.
1513 1383 1581 1432 62
1618 1381 1653 1432 5
1697 1378 1879 1448 μεῖζον
1927 1372 2067 1431 οἰκέ-

212 1475 366 1526 του.”
427 1473 734 1524 Schneider.
826 1472 979 1538 Apud
1027 1471 1191 1535 Boiss.
1229 1471 1326 1522 An.
1367 1470 1388 1520 1
1430 1470 1532 1520 156
1582 1464 1858 1531 δεσπότην
1903 1463 2070 1538 ὑπερ.

216 1559 454 1632 ([ρονῶν.
513 1592 576 1599 -—
635 1562 724 1612 νε.
765 1560 872 1609 330
911 1564 1022 1609 erat
1059 1556 1211 1607 ἐστιν
1246 1553 1621 1617 άνταπόδοσις
1699 1588 1757 1594 -
1831 1558 1920 1610 νε.
1961 1558 2066 1609 331

215 1653 388 1704 malim
438 1646 631 1714 λαβοῦ.
706 1679 773 1688 —-
850 1642 939 1699 νε.
978 1647 1083 1696 336
1139 1647 1413 1712 legebatur
1449 1643 1623 1711 μιμοῦ
1664 1641 1864 1704 κακοὺς
1901 1662 1946 1698 τ.
1997 1676 2071 1688 —

215 1742 306 1793 νε.
328 1740 433 1790 338
462 1739 607 1788 Stob.
630 1737 734 1788 Tit.
755 1739 823 1787 29
863 1738 912 1788 9.
951 1735 1190 1800 Euripidi
1230 1735 1426 1785 tribuit.
1463 1766 1532 1775 —-
1571 1734 1785 1801 Vs.[339
1823 1735 1937 1786 cod.
1964 1729 2071 1802 μία
2156 1726 2166 1778 5

215 1825 369 1878 ἐστιν
389 1833 442 1878 et
461 1822 523 1876 τὸ
546 1820 774 1875 ἄτοπον.
822 1824 1038 1876 Correxi
1061 1840 1120 1874 ex
1143 1824 1357 1875 Orione.
1398 1823 1460 1875 V.
1481 1838 1638 1889 supra
1660 1835 1710 1889 p.
1734 1825 1851 1874 127.
1908 1824 1965 1875 ln
1987 1825 2070 1877 hie

217 1911 249 1967 ό
287 1910 495 1974 ἄτοπος
531 1930 625 1980 pro
663 1906 871 1964 ἀτοπία
910 1913 1103 1963 dictum
1142 1913 1357 1978 accipio.
1442 1912 1760 1977 HesychiuS,
1787 1905 2067 1973 ’'Avonog:

217 1997 532 2070 παράδοξος
579 1992 739 2068 λόγος
774 1994 811 2063 ἢ
847 1992 1215 2065 θαυμαστός,
1263 2000 1352 2049 ubi
1402 1998 1596 2050 frustra
1634 2001 1902 2066 corrigunt
1939 1993 2072 2066 c't'tof

217 2106 341 2144 που.
416 2091 666 2142 Similiter
704 2090 892 2140 dicitur
927 2083 958 2138 ὁ
996 2083 1266 2158 φρόνιμος
1302 2103 1396 2154 pro
1437 2080 1722 2155 φρόνησις,
1758 2082 1788 2137 ὁ
1826 2083 2074 2157 παράλο-

217 2197 312 2248 γος
356 2196 452 2247 pro
491 2173 825 2247 παραλογία.
897 2205 968 2214 —-
1040 2178 1129 2228 νε.
1169 2177 1274 2226 346
1327 2176 1446 2226 libri
1492 2175 1643 2226 ἐστιν
1692 2170 1883 2244 ὀργῆς,
1934 2179 2073 2244 quod

218 2270 439 2320 correxi.
477 2297 548 2305 --
580 2269 670 2321 Vs.
709 2268 807 2317 351
853 2283 946 2334 pro
985 2257 1125 2315 αἰών
1163 2265 1338 2316 Guelf.
1380 2271 1432 2316 et
1468 2265 1619 2317 Vind.
1658 2267 1693 2316 3
1729 2260 1869 2331 βίος.
1910 2268 2074 2320 Iidem

219 2375 315 2425 pro
356 2352 461 2422 ἔχει
498 2357 750 2422 praebent
785 2354 954 2421 φέρει.
1028 2386 1097 2396 --
1172 2355 1261 2406 Vs.
1301 2354 1405 2403 352
1444 2343 1583 2402 ὅταν
1620 2355 1739 2403 dedi
1763 2372 1808 2404 ·e
1847 2355 2073 2407 Stobaeo

219 2446 456 2497 Sermon.
510 2445 557 2494 11
607 2444 641 2494 5
690 2448 742 2493 et
787 2443 1013 2494 Antonio
1064 2442 1193 2492 Mel.
1242 2459 1294 2508 p.
1346 2442 1452 2492 278
1504 2443 1587 2491 12.
1639 2443 1728 2492 ubi
1780 2443 2073 2496 Menandro

219 2548 400 2584 versus
439 2533 700 2583 tribuitur.
752 2531 905 2581 Vind.
944 2533 978 2582 2
1014 2524 1099 2579 ἄν.
1161 2559 1223 2568 -—
1277 2529 1366 2580 νε.
1404 2529 1510 2579 353
1548 2530 1668 2580 dedi
1708 2529 1953 2603 γυναῖκαχ
1979 2547 2075 2598 pro

218 2620 497 2686 γυναῖκας.
550 2652 619 2662 —-
658 2621 747 2673 Vs.
785 2619 891 2669 355
931 2620 1082 2670 Vind.
1123 2620 1156 2669 2
1193 2611 1376 2684 μήπω.
1429 2619 1563 2668 Tum
1601 2615 1864 2683 γυναῖκας
1895 2618 2076 2686 scripsi

218 2725 314 2775 pro
353 2711 712 2772 γυναῖκα..-
751 2709 838 2761 νε.
878 2707 984 2758 357
1022 2708 1091 2757 ita
1131 2707 1253 2757 dedi
1293 2723 1354 2757 ex
1392 2706 1544 2758 Aldo.
1599 2706 1775 2757 Codex
1810 2724 1869 2773 μ.
1908 2703 2084 2770 ἐστιν,

219 2789 280 2855 ὃς
316 2791 465 2862 ἔτυχε
507 2790 690 2863 φίλου.
729 2827 799 2835 -
836 2797 924 2847 νε.
965 2796 1070 2847 358
1107 2796 1261 2848 vind.
1296 2797 1329 2845 4
1369 2787 1522 2860 ταχύ.
1563 2795 1604 2845 F
1610 2801 1708 2845 ort.
1748 2791 1965 2860 ταχέως.
2007 2825 2076 2837 —

219 2884 310 2935 νε.
350 2886 455 2955 360
503 2886 780 2938 Menandri
838 2890 933 2935 est.
1009 2886 1071 2938 V.
1114 2886 1316 2949 Fragm.
1356 2884 1456 2932 inc.
1499 2883 1620 2933 144.
1695 2915 1764 2924 —-
1839 2885 1931 2937 νε.
1971 2883 2078 2934 363
2169 2871 2171 2899 ³

219 2971 343 3022 fort.
381 2966 546 3039 ἀνδρὶ
582 2967 826 3023 πλουσία
863 2965 1018 3038 γυνή.
1058 3004 1126 3012 —-
1164 2972 1253 3023 νε.
1280 2972 1390 3022 364
1424 2972 1584 3021 multa
1623 2972 1810 3022 tentari
1834 2977 2078 3039 possunt:
2168 2975 2169 3021 ἰ

219 3060 358 3126 quod
398 3068 597 3112 eertum
636 3063 722 3124 sit,
760 3061 906 3112 nihil.
982 3090 1052 3099 —-
1117 3060 1206 3112 νε.
1245 3060 1349 3108 367
1388 3059 1511 3109 fort.
1547 3055 1688 3125 μετὰ
1724 3056 1823 3117 τοῦ
1859 3055 2078 3109 δικαίου
2167 3058 2169 3109 i

221 3141 517 3215 διατριβὰς
554 3140 641 3195 ἀεὶ
677 3145 839 3201 ποίει.
878 3178 950 3185 -
986 3149 1077 3201 νε.
1115 3148 1219 3198 368
1255 3148 1377 3197 alibi
1409 3142 1606 3217 χρόνῳ,
1645 3155 1702 3198 ut
1741 3166 1771 3199 e
1808 3148 2075 3214 Stephano
2166 3161 2168 3218 ᾗ

227 3242 372 3287 notat
428 3236 795 3287 SchneideruS.
872 3268 942 3278 —-
1013 3238 1104 3289 νε.
1143 3236 1245 3285 369
1304 3236 1474 3285 editur
1531 3229 1943 3301 δυστυχήματα.
2007 3267 2077 3276 —

219 3325 308 3378 νε.
346 3325 453 3375 372
501 3324 661 3374 habet
697 3327 878 3391 Apost.
921 3325 988 3374 13
1022 3326 1132 3375 77.’
1189 3325 1291 3374 Pro
1340 3317 1616 3389 ἐγχωρίοις
1653 3324 1877 3374 Brunek.
1915 3318 2078 3393 ἐγχώ-
2164 3355 2165 3367 ¹

218 3427 350 3480 ροις.
425 3412 642 3463 Rectius
681 3414 850 3464 Bentl.
891 3430 941 3480 p.
979 3413 1049 3463 93
1085 3406 1408 3480 ἐπιχωρίοις.
1482 3411 1732 3478 Sophocli
1768 3412 2012 3462 tribuitur
2048 3427 2079 3462 a
2164 3439 2165 3453 ÷
