2202 3918
297 236 402 289 756
1025 234 1404 287 MENANDRI

302 391 404 429 non
443 377 709 429 intercedo
750 378 1019 443 quominus
1058 375 1336 439 custodias,

303 482 402 518 nec
439 467 711 531 quicquam
751 467 1014 532 partiaris3
1053 464 1293 514 dominus
1330 465 1446 530 ipse
1483 465 1568 516 sis.

302 554 347 605 si
384 570 487 605 nou
525 570 581 604 es
619 554 874 615 dominus,
898 568 1150 622 ‚quaeque
1187 553 1349 603 habes
1386 553 1486 603 sibi
1525 553 1752 606 vindicat

300 642 553 704 Fortuna,
591 657 684 693 cur
719 643 817 693 ista
853 642 966 692 aliis
1003 641 1252 703 invideaS,
1290 642 1479 707 pater?

301 744 528 796 namque
563 730 669 791 illa,
707 734 764 781 ut
799 730 927 780 levis
966 734 1063 790 est,
1098 731 1200 779 iam
1241 730 1344 779 tuis
1382 729 1615 796 pecuniis

301 817 648 884 indigniorem
687 818 827 868 forte
865 818 1238 868 munerabitur.

303 895 483 973 q‘uare,
522 922 607 956 me
643 906 686 956 si
723 905 891 968 audis,
933 905 1056 956 dum
1095 911 1148 956 te
1186 922 1282 972 pro
1324 905 1533 956 domino
1573 908 1730 974 geris,

301 997 375 1047 mi
411 1000 576 1062 pater,
616 995 779 1046 uteris
818 994 920 1044 illis
960 994 1260 1056 liberaliter,

303 1100 457 1151 opem
498 1084 639 1134 feres
678 1083 1008 1148 pauperibus,
1048 1089 1102 1132 et
1139 1088 1358 1147 quantos
1399 1087 1549 1149 potes

303 1171 496 1223 amicos
534 1170 859 1237 opulentabis
898 1186 960 1220 ex
998 1170 1184 1236 opibus
1225 1172 1343 1221 tuiS.

300 1260 440 1310 Laus
476 1258 609 1308 haec
645 1262 928 1323 perpetua:
967 1262 1019 1308 et
1057 1259 1100 1308 si
1139 1259 1262 1324 quid
1300 1261 1505 1309 eveniat
1541 1274 1708 1321 secus,

300 1347 439 1397 idem
478 1347 797 1412 exspectabis
836 1346 974 1411 quod
1013 1350 1123 1395 tute
1160 1352 1280 1396 ante
1312 1348 1530 1401 feceris,

302 1436 355 1486 in
392 1438 572 1502 aperto
610 1434 805 1485 amicus
842 1434 1027 1483 melior
1065 1442 1144 1485 est
1182 1437 1461 1501 possessio,

302 1539 454 1590 quam
486 1521 627 1575 fossa
663 1523 759 1574 sub
797 1523 1009 1573 humum
1048 1524 1195 1589 copia
1233 1524 1434 1590 argenti
1473 1524 1659 1576 latens.

1194 1612 1293 1663 111.·

691 1699 766 1749 Ut
802 1699 1094 1749 sacrificant
1132 1701 1483 1751 vecticularii!

304 1787 457 1838 cistas
495 1792 547 1837 et
584 1801 739 1837 urnas
777 1785 1024 1849 inferunt,
1065 1804 1168 1839 non
1204 1789 1420 1839 hercule

305 1871 479 1936 defim,
517 1875 739 1931 sedasua
777 1891 871 1940 pro
908 1877 1089 1941 gratia.
1165 1877 1314 1927 Thus
1351 1893 1436 1926 res
1475 1878 1559 1943 pia
1598 1884 1678 1930 est

305 1964 602 2029 libumque:
641 1979 862 2027 namque
899 1964 954 2013 id
993 1980 1147 2015 omne
1186 1965 1264 2015 dis
1302 1962 1621 2031 impenditur

301 2053 522 2102 flammis
559 2052 885 2118 impositum:
925 2059 1158 2103 ceterum
1192 2053 1276 2103 isti
1314 2053 1390 2104 fel
1429 2069 1646 2118 merum,

302 2141 569 2206 lumbique
608 2145 853 2201 extrema,
893 2147 947 2191 et
983 2141 1312 2207 ingustabilia
1351 2159 1504 2195 ossua

305 2229 417 2281 deis
456 2234 712 2296 ponentes
748 2228 1001 2280 relicuum
1039 2230 1138 2296 ipsi
1176 2231 1444 2283 devorant.

350 2303 354 2308 ’
1188 2319 1275 2371 1v.

959 2406 1126 2456 Nemo
1166 2422 1389 2471 coquum

301 2492 485 2542 iniuria
522 2493 611 2557 qui
648 2491 838 2554 affecit,
874 2493 1087 2559 impune
1126 2481 1368 2545 ahstulit:

302 2584 494 2631 tantam
532 2580 692 2631 habet
729 2597 811 2631 ars
847 2582 1009 2631 istaec
1046 2587 1220 2632 nostra
1257 2583 1661 2636 sanctimoniam.

1088 2669 1130 2719 V
1168 2687 1214 2721 a.
1253 2672 1302 2720 b.

697 2761 863 2825 Quem
902 2759 1137 2809 laborum
1175 2776 1278 2810 non
1320 2759 1479 2827 piget,

302 2846 432 2898 nihil
469 2846 707 2898 arbitrari
743 2847 788 2897 is
826 2847 983 2898 debet
1019 2849 1352 2914 insperabile.

300 2935 586 2985 laboriosae
624 2935 923 3001 diligentiae
961 2938 1165 3002 assequi

300 3023 429 3073 nihil
467 3028 546 3074 est
583 3029 843 3090 negatum.

699 3191 806 3242 EA
818 3187 1021 3242 YTON
1077 3190 1163 3242 ΤΙ
1159 3192 1225 3243 Μ
1227 3189 1261 3242 ,ζ
1258 3189 1282 3242 2
1291 3189 1388 3242 ΡΟ
1397 3181 1518 3242 'YM
1521 3192 1618 3243 EN
1628 3191 1738 3245 ΟΣ.

1178 3301 1267 3352 VI.

291 3386 432 3439 Vere
469 3388 650 3438 beatus
687 3387 775 3452 qui
814 3389 896 3449 sit,
934 3388 986 3438 in
1024 3388 1190 3453 patria
1229 3403 1323 3438 sua

290 3475 446 3527 debet
483 3491 695 3528 manere
732 3480 786 3526 et
820 3475 970 3537 liber,
1009 3482 1097 3526 aut
1135 3476 1307 3543 potius
1344 3476 1494 3528 mori.
