2202 3918
274 217 380 269 724

273 358 591 426 parascem'a
642 357 938 415 obstruens,
982 355 1248 421 publicum
1287 354 1453 405 locum
1500 354 1614 419 ipse
1657 352 1902 419 privatus
1954 351 2120 403 clavis

279 448 545 496 obturans,
587 446 868 497 Verissime
898 444 1033 494 enim
1069 444 1398 509 Spaldingius
1418 433 1662 506 δημόσια
1682 456 1799 490 cum
1838 433 2120 507 παρασκή-

275 550 371 583 νια
417 533 835 599 coniungendam
890 531 1115 597 negavit.
1208 532 1372 581 Recte
1419 535 1592 579 autem
1641 529 1902 594 publicum
1949 529 2122 578 locum

279 623 406 673 dixit
443 623 723 673 theatrum.
797 620 982 669 Pollux
1025 619 1094 670 tx
1133 619 1228 669 41:
1270 613 1767 685 προσαριθμητὲον
1803 616 1916 675 τοῖς
1949 614 2120 682 δημο-

274 705 414 768 σίοις
449 707 712 776 θέατρον.
790 708 843 758 ln
879 709 1036 757 talem
1074 707 1231 774 igitur
1270 708 1441 757 locum
1476 705 1599 771 quid
1635 705 1761 757 iuris
1800 721 1915 756 esse
1954 706 2122 772 potuit

200 849 203 850 γ
274 800 498 861 Midiae,
540 798 737 848 homini
774 798 976 863 privato
1015 802 1068 846 et
1106 797 1249 846 nullo
1288 801 1396 846 tum
1435 795 1681 856 munere,
1721 796 1859 860 quod
1896 795 1961 845 ad
1998 796 2120 845 civi-

274 894 431 939 tatem
486 887 798 953 pertineret,
848 886 1126 952 fungenti?
1199 885 1316 934 Hoc
1366 890 1446 934 est
1483 884 1622 949 quod
1660 884 1894 949 queritur
1931 887 2121 935 orator.

277 977 460 1042 Cogita
508 980 681 1025 autem
732 975 926 1025 versari
976 989 1092 1024 cum
1144 975 1366 1024 maxime
1406 973 1807 1023 Demosthenem
1855 988 1956 1023 una
2003 987 2120 1023 cum

277 1049 541 1115 choreutis
576 1063 629 1112 in
668 1063 899 1113 conclavi
922 1063 1093 1127 aliquo
1122 1066 1241 1127 post
1277 1077 1484 1111 scenam
1512 1065 1792 1123 exstructo,
1828 1061 1928 1111 hoc
1951 1061 2121 1127 ipsum

277 1156 547 1218 agentem,
597 1155 655 1199 ut
704 1152 922 1201 chorum
971 1166 1066 1216 per
1114 1165 1321 1199 scenam
1370 1149 1423 1199 in
1462 1148 1784 1199 orchestram
1821 1150 2120 1199 deduceret.

278 1238 484 1289 Interea
522 1237 711 1288 Midias
749 1239 918 1288 aditus
954 1239 1074 1287 illos
1127 1238 1181 1287 in
1218 1253 1426 1287 scenam
1468 1241 1705 1302 patentes
1755 1237 1912 1287 clavis
1947 1237 2121 1287 occlu-

276 1333 446 1388 serat3
496 1326 672 1390 itaque
721 1326 938 1376 chorum
978 1325 1359 1377 Demosthenes
1406 1320 1501 1372 δια
1534 1320 1631 1386 τῆς
1671 1317 1884 1386 ἔξωθεν
1918 1317 2121 1392 θύρας,

275 1421 334 1465 ut
373 1415 628 1480 Ulpianus
667 1415 763 1475 ait,
818 1415 869 1464 in
922 1415 1244 1464 orchestram
1286 1414 1548 1464 deducere
1588 1420 1796 1463 coactus
1833 1417 1960 1465 erat.
2036 1413 2120 1462 ln·
2201 1451 2202 1455 ,

275 1503 477 1570 tellegit
525 1506 697 1552 autem
736 1502 990 1567 Ulpianus
1036 1519 1190 1554 unam
1231 1485 1407 1554 earum
1447 1506 1737 1567 portarum,
1785 1517 1911 1566 quas
1947 1494 2121 1567 παρά·
2182 1494 2195 1502 ”

276 1589 405 1650 δους
441 1597 592 1642 vocat
631 1590 846 1651 Pollux,
885 1595 937 1640 et
973 1606 1105 1656 quae
1142 1586 1389 1654 ἔξωθεν,
1427 1595 1718 1641 extrorsum
1768 1589 1822 1640 h.
1861 1605 1908 1641 e.
1947 1605 1976 1639 a
2009 1589 2119 1655 pla-

274 1686 377 1741 tea,
413 1681 465 1729 in
504 1679 823 1729 orchestram
864 1680 1130 1743 patebant:
1180 1695 1337 1745 quum
1373 1679 1410 1729 ii
1446 1678 1644 1738 aditus,
1694 1678 1783 1742 qui
1818 1679 1871 1728 in
1908 1693 2116 1729 scenam

275 1773 544 1833 paterent,
576 1760 1143 1824 k'owffev‚'introrsum
1181 1768 1232 1819 h.
1274 1784 1320 1818 e.
1359 1783 1389 1817 e
1427 1765 1755 1816 conclavibus
1791 1782 1980 1816 scenae
2017 1766 2122 1827 cir-¹

275 1855 562 1905 cumductis
599 1855 650 1904 in
689 1853 943 1919 pulpitum
982 1856 1089 1905 sive
1127 1872 1362 1919 sc<nam‚
1413 1861 1465 1906 et
1504 1871 1566 1905 ex
1604 1854 1804 1921 pulpito
1841 1854 1893 1904 in
1931 1853 2117 1904 orche-

274 1948 431 1992 stram
472 1943 740 1992 ducerent.
814 1941 963 1992 Haec
998 1945 1042 1993 si
1080 1949 1222 1993 recte
1262 1945 1522 2009 disputata
1558 1948 1707 2002 sunt,
1743 1957 1890 1993 unus.
1912 1941 2116 2007 Didymi

275 2031 422 2081 locus
468 2036 658 2091 restat,
714 2029 800 2080 cui
848 2045 993 2080 suam
1031 2031 1392 2082 Groddeckius
1428 2032 1737 2082 sententiam
1775 2030 1842 2080 de
1878 2045 2116 2096 parasce-

275 2120 374 2170 niis
420 2119 780 2185 superstruxit.
857 2111 931 2166 ‘0
976 2115 1034 2167 δὲ
1071 2115 1339 2186 Δίδυμος,
1392 2120 1559 2185 inquit
1603 2118 1971 2185 Harpocratio‚
2018 2111 2116 2175 τὰς
2191 2146 2193 2148 -

275 2202 616 2275 ἑκατέρωθεν
661 2203 758 2268 τῆς
803 2199 1110 2275 ὀρχήστρας
1147 2199 1395 2267 εἰσόδους
1432 2198 1575 2256 οὕτω
1613 2205 1756 2274 φησὶ
1790 2203 2111 2279 agal-elostat.

274 2296 402 2361 Quis
440 2303 610 2345 autem
647 2301 892 2361 praestet,
931 2297 1039 2346 sive
1079 2297 1353 2362 Didymum
1391 2298 1498 2347 sive
1523 2295 1989 2363 Harpocrationem
2026 2309 2112 2344 or·

275 2384 513 2433 chestrae
559 2384 769 2433 nomine
818 2399 921 2433 non
969 2385 1132 2449 ipsam
1185 2400 1392 2434 scenam
1439 2384 1782 2450 designasse?
1855 2383 1931 2433 lta
1968 2387 2110 2432 certe
2183 2373 2195 2467 Ξ

273 2471 498 2537 Etymol.
536 2473 609 2521 Μ.
650 2487 700 2536 p.
738 2471 846 2519 743
882 2471 981 2520 33:
1017 2464 1351 2537 Ὀρχήστρα.
1408 2461 1549 2532 αὕτη
1588 2468 1646 2519 δέ
1690 2468 1843 2520 ἐστιν
1877 2465 1907 2518 ὁ
1942 2463 2110 2529 τόπος

271 2554 328 2607 ἐκ
366 2553 611 2607 σανίδων
649 2552 785 2623 ἔχων
821 2550 885 2606 τό
921 2553 1145 2626 ἔδαφος,
1183 2552 1274 2625 ἐφ’
1307 2544 1374 2608 οὗ
1409 2555 1765 2626 θεατρίζουσι
1798 2554 1892 2606 καὶ
1929 2554 1983 2605 οἱ
2016 2556 2107 2622 μῖ-
2168 2606 2174 2611 ,

269 2662 383 2712 μοι,
421 2651 475 2696 et
513 2646 736 2711 Etymol.
779 2646 1000 2697 Gudian.
1037 2663 1090 2712 p.
1126 2645 1235 2696 504
1267 2647 1365 2697 30:
1412 2642 1586 2708 σκηνὴ
1625 2639 1869 2714 διάφορα
1904 2639 2107 2712 σημαί-

268 2747 348 2784 νει
383 2766 453 2776 --
488 2728 582 2783 καὶ
618 2729 720 2795 τὴν
756 2727 1084 2800 ὀρχήστραν.

409 2823 508 2872 His
547 2821 790 2887 expositis
837 2823 902 2872 ad
940 2822 1271 2888 Alciphronis
1309 2823 1511 2885 locum,
1562 2823 1702 2874 unde
1749 2824 1967 2890 digressi
2016 2813 2102 2874 su-

199 2905 204 2909 *
267 2925 398 2972 mm,
437 2909 609 2975 redire
645 2910 827 2971 liceat,
880 2911 968 2960 ubi
1005 2926 1107 2976 quo
1145 2927 1299 2961 sensu
1336 2912 1571 2961 dicantur
1620 2927 1682 2961 ex
1719 2918 1893 2962 nostra
1930 2929 2104 2963 emen-

267 2998 477 3048 datione
515 2991 889 3064 παρασκήνια,
927 3000 1120 3065 optime
1158 2999 1348 3049 docent
1383 3000 1541 3050 verba
1579 2989 1711 3064 q'uae
1745 3001 1977 3066 proxime
2013 3017 2104 3051 an·
2200 2988 2202 3047 Ξ

267 3085 541 3134 tecedunt:
593 3075 712 3144 ἥτις
768 3080 917 3154 αὐτῷ
967 3081 1035 3134 τὰ
1094 3078 1411 3152 προσωπεῖα
1465 3080 1799 3147 διασκευάζω
1853 3085 1948 3136 καὶ
2004 3082 2101 3146 τὰς

263 3167 514 3232 ἐσθῆτας
562 3168 750 3222 ἑνδύω.
839 3175 1037 3239 Quibus
1084 3175 1254 3225 verbis
1302 3175 1416 3240 quis
1469 3191 1570 3226 non
1619 3176 1877 3240 designari
1925 3175 2097 3225 videat
2173 3172 2176 3176 ’

262 3255 361 3307 τὸν
405 3257 527 3326 περὶ
572 3255 674 3319 τὴν
723 3257 930 3322 σκηνὴν
990 3256 1450 3328 ἀποδεδειγμένον
1496 3257 1668 3310 τόπον
1712 3260 1834 3320 ταῖς
1877 3253 1952 3320 εἰς
2002 3258 2098 3310 τὸν

260 3339 447 3410 ἀγῶνα
492 3348 892 3413 παρασκευαῖς,
941 3355 1000 3400 ut
1037 3351 1402 3417 Theophrasto
1440 3357 1651 3401 auctore
1687 3351 1983 3417 parascenia
2017 3351 2093 3400 in-

258 3440 570 3503 terpretatus
609 3441 686 3486 est
723 3436 1085 3502 Harpocratio.
