2202 3918
248 197 352 248 448
762 193 1216 248 APOLLODORI
1235 220 1237 222 ·
1258 193 1588 248 CARYSTH

390 338 692 390 Athenaeus
729 338 801 390 v1
841 355 891 404 p.
916 336 1090 387 24:311.
1130 336 1194 386 de
1218 336 1640 404 Chaerephonte
1675 338 1895 404 parasito
1934 338 2096 391 ‹lisse-

246 443 395 478 rens:
442 419 869 491 Ἀπολλόδωρος
917 417 970 472 δ’
1012 417 1042 472 ὁ
1081 417 1397 490 Καρύστιος
1446 422 1505 473 ἐν
1548 419 1746 494 Ἱερείᾳ
1785 420 2001 476 Καινόν
2037 442 2096 492 γε

246 513 358 565 κτλ.
434 516 521 567 Vs.
561 515 590 564 1
634 515 969 564 Casaubonus
1008 510 1100 561 καὶ
1139 509 1241 561 νῦν
1274 527 1349 577 γε.
1388 513 1601 564 Editum
1636 519 1813 571 tuetur
1832 515 2096 582 Schweig-

245 605 549 664 liaeuseruS,
586 596 780 650 καινόν
817 601 1075 666 explicans
1113 617 1208 667 per
1245 596 1462 662 καινῶς,
1496 617 1631 651 novo
1669 603 1890 668 quodam
1925 602 2093 654 modo·

206 693 397 759 *Quod
435 708 531 742 nec
569 692 735 756 ipsum
775 689 900 739 ferri
939 695 1128 756 potest.
1206 689 1307 740 Pro
1348 705 1492 759 φασι
1521 683 1880 758 Χαιρεφῶντ’
1920 693 1962 742 Β
2000 692 2093 743 ha-

244 783 332 832 bet
364 778 505 847 φησὶ
546 775 863 846 Χαιρετμῦν.
938 780 993 829 Si
1032 795 1154 828 sana
1193 783 1272 828 est
1311 778 1448 829 edita
1485 778 1677 841 lectio,
1724 794 1828 830 non
1870 771 1942 829 de
1977 779 2093 844 ipso

242 868 644 934 Chaerephonte
671 867 803 917 haec
830 867 930 917 dici
956 866 1350 918 existimandum
1375 871 1474 927 est,
1523 867 1617 918 sed
1644 867 1710 917 de
1740 866 1841 918 alio
1870 866 2093 932 quodam

240 957 452 1008 homine
491 955 905 1022 Chaerephontis
959 971 1132 1006 mores
1169 959 1221 1004 et
1258 955 1552 1005 institutum
1591 956 1903 1006 aemulante.
1991 955 2094 1004 lta-

241 1062 342 1112 que
381 1046 556 1096 dicere
595 1044 764 1110 potuit
801 1050 954 1110 poeta
991 1060 1182 1094 novum
1225 1043 1689 1110 Chaereplzontem-
1714 1044 1766 1094 in
1804 1042 2103 1103 convivium*

248 1135 540 1199 irrepsisse.
631 1132 834 1182 Nomen
873 1131 1098 1182 hominis
1135 1133 1185 1181 in
1222 1132 1577 1198 superioribus
1613 1131 1892 1183 indicatum
1928 1129 2092 1181 fuisse
2168 1182 2170 1185 .

238 1221 509 1288 probabile
563 1224 657 1268 est.
752 1219 999 1268 Ceterum
1055 1218 1238 1269 confer
1294 1234 1426 1283 quae
1480 1219 1585 1269 dixi
1639 1220 1704 1270 ad
1761 1218 2091 1269 Pherecratis

235 1310 423 1375 fragm.
461 1325 511 1374 p.
533 1307 655 1358 275.
699 1334 769 1344 ·--
808 1308 895 1361 Vs.
935 1310 969 1358 2
1001 1299 1256 1374 Ὀᾳὲλαν.
1309 1308 1387 1357 lta
1424 1306 1466 1357 P
1506 1312 1558 1358 et
1595 1309 1659 1370 B,
1693 1306 1795 1358 nisi
1831 1305 1970 1372 quod
2004 1305 2092 1355 hio

224 1391 500 1466 ”.Οφελαν
559 1395 648 1447 VL
688 1387 948 1464 ὀφέλλειν.
1006 1397 1050 1447 A
1088 1386 1246 1463 ὄφελ’
1289 1386 1378 1447 ἄν.
1456 1424 1519 1432 -—-
1597 1396 1687 1449 Vs.
1726 1395 1761 1446 4
1811 1410 2089 1462 perperam

235 1487 444 1553 quidem
484 1485 817 1536 casaubonus
855 1478 1009 1553 παρὰ
1045 1478 1141 1544 τῆς
1177 1475 1397 1552 νύμφης
1432 1478 1610 1543 ταώς
1645 1478 1820 1551 ὄρνεις
1856 1483 2088 1535 scriben-

235 1575 357 1624 dum
396 1573 644 1635 coniecit,
682 1572 775 1624 sed
813 1580 958 1624 recte
994 1572 1133 1623 idem
1172 1572 1371 1622 monuit
1405 1572 1668 1623 hominem
1706 1573 1882 1635 illum,
1919 1578 1976 1622 ut
2011 1573 2087 1623 ia-

232 1665 430 1714 nitores
476 1668 528 1711 et
566 1663 951 1713 admissionales
1001 1677 1180 1712 servos
1226 1660 1464 1723 falleret,
1512 1661 1720 1712 finxisse
1769 1677 1825 1711 se
1863 1675 2086 1726 sponsae

232 1751 377 1801 iussu
414 1766 536 1800 aves
569 1751 777 1800 afferre.
866 1751 973 1800 Res
1022 1749 1248 1798 fortasse
1286 1764 1389 1798 non
1428 1749 1481 1798 in
1519 1749 1632 1814 ipsa
1669 1750 1963 1814 nuptiarum
1999 1763 2084 1797 so·

232 1839 483 1888 lennitate
521 1837 799 1898 acciderat,
837 1839 930 1887 sed
957 1839 1009 1887 in
1049 1836 1282 1886 convivio
1321 1837 1615 1900 nuptiarum
1652 1835 1885 1900 profesto
1921 1837 1994 1897 (v,
2016 1835 2083 1886 ad

232 1924 579 1977 Menandrum
619 1940 669 1988 p.
710 1924 878 1986 195),
917 1924 1056 1988 quod
1093 1937 1341 1987 sponsum
1380 1922 1597 1987 eiusque
1633 1923 1826 1973 amicos
1863 1924 2082 1975 seorsim

233 2018 286 2062 et
323 2013 538 2062 absente
576 2027 766 2076 sponsa
804 2011 1090 2060 instituisse
1129 2014 1533 2073 consentaneum
1572 2014 1666 2060 est.
1706 2011 1788 2062 Ad
1822 2011 1916 2062 has
1955 2027 2083 2078 epu-

230 2102 306 2150 las
343 2101 395 2150 in
434 2115 579 2150 more
617 2099 783 2149 fuisse
821 2099 1025 2149 videtur
1061 2106 1119 2149 ut
1156 2114 1345 2164 sponsa
1383 2113 1573 2164 sponso
1627 2098 1786 2150 altilia
1833 2101 2079 2151 mitteret.

232 2189 326 2239 Cfr
362 2189 555 2240 Athen.
594 2187 716 2241 XlV
754 2204 806 2253 p.
845 2186 948 2238 645
971 2188 1035 2238 d:
1082 2180 1273 2255 κρήϊον
1309 2182 1550 2244 πλακοῦς
1587 2178 1776 2255 ἄρτος,
1830 2181 1896 2238 ὃν
1940 2183 2081 2256 ’Λρ-

227 2276 358 2342 γεῖοι
400 2271 552 2342 παρὰ
585 2273 682 2337 τῆς
720 2271 940 2344 νύμφης
972 2271 1109 2343 πρὸς
1147 2270 1243 2324 τὸν
1280 2267 1526 2341 νυμφίον
1562 2272 1842 2347 φέρουσιν.
1897 2279 2078 2344 Itaque

229 2381 394 2417 novus
443 2365 534 2413 ille
574 2364 920 2431 Chaerephon
958 2361 1162 2430 fingere
1208 2365 1403 2430 potuit,
1451 2363 1630 2414 venire
1677 2381 1735 2419 se
1784 2364 1906 2416 τὸν
1953 2361 2079 2424 τὰς
2172 2395 2178 2422 4

227 2447 402 2519 ὄρνεις
439 2452 765 2502 afferentem.
824 2453 900 2502 lta
936 2453 980 2502 si
1017 2453 1379 2517 interpreteris
1417 2454 1608 2515 locum,
1647 2455 1906 2504 evanescit
1943 2469 2077 2518 quae

229 2541 533 2591 Casaubono
571 2542 624 2590 in
661 2540 878 2591 articulo
918 2534 948 2588 6
987 2547 1040 2590 et
1077 2534 1173 2599 τὰς
1209 2542 1380 2592 inesse
1417 2542 1686 2593 videbatur
1722 2542 2019 2594 difficultas.

414 2789 1054 2844 IIPOIKIZOMENH
1105 2792 1169 2844 H
1217 2790 1794 2847 ΙΜΑΤΙΟΠΩΛΙΣ.
1845 2798 1897 2861 ·)
1951 2826 1957 2834 1

893 2931 1058 2996 Πλὴν
1094 2930 1158 2984 τό
1197 2930 1253 3002 γ’
1295 2929 1543 3007 οἰνάριον
1579 2932 1727 2988 πάνυ

470 3057 541 3102 ην
578 3034 677 3104 ὀξὺ
715 3040 807 3091 καὶ
846 3035 1104 3109 πονηρόν,
1139 3031 1278 3092 ὥστ’
1317 3037 1652 3114 ῃσχυνόμην.

471 3142 540 3194 τὰ
578 3143 747 3196 λοιπὰ
784 3148 886 3214 μὲν
922 3143 1031 3216 γοξρ
1073 3143 1100 3198 6
1104 3145 1350 3212 §.ahiovg
1381 3145 1557 3219 χωρία

473 3248 640 3311 σικᾶς
677 3251 844 3320 ([ἑρει,
883 3249 1093 3323 τοίμὸν
1130 3253 1188 3306 δὲ
1224 3255 1320 3307 καὶ
1356 3253 1454 3317 τὰς
1492 3251 1782 3323 ἀμπέλους.

334 3429 377 3490 *)
410 3439 460 3481 V.
493 3436 607 3482 Hist.
642 3438 736 3482 crit.
768 3453 810 3493 p.
842 3439 943 3482 466.
