2202 3918
470 205 912 263 comcounm
930 208 933 209 ⁷
950 203 1492 260 ANONYMORUM.
1816 211 1923 262 0⁸9

71 347 322 423 μάχαιρα
368 365 464 418 pro
524 342 893 419 συκοφαντία.
995 346 1151 414 Quod
1192 346 1365 397 statim
1412 348 1550 414 apud
1596 349 1923 417 Hesychium

72 443 343 509 sequitur,
409 434 853 507 Κεραμίναςε
912 430 1242 502 δημοσίους,
1290 439 1344 484 et
1389 435 1560 499 ipsum
1611 454 1673 488 ex
1722 440 1923 491 comico

67 532 281 582 ductum
319 526 559 588 videtur,
600 528 688 593 qui
727 543 791 578 eo
829 526 1041 578 nomine
1075 529 1248 576 scorta
1283 523 1339 574 in
1377 524 1646 574 Ceramico
1686 533 1922 591 prostan-

64 619 138 669 tia
185 616 468 683 significari
515 617 695 668 voluit.
798 614 1025 666 Proinde
1085 612 1414 663 scribendum
1477 607 1819 678 Κεραμεικάς
1869 621 1924 667 et

69 697 364 772 δημοσίας.
460 706 539 756 De
592 704 846 755 adiectivo
902 692 1242 770 Κεραμεικὸς
1293 705 1495 751 constat
1560 716 1621 750 ex
1675 701 1924 754 Pausania

63 793 222 847 Attic.
262 792 335 844 ΙΙΙ
378 792 425 843 1.
509 793 588 844 De
635 786 902 859 δημόσιος
951 792 1054 842 hoc
1102 806 1259 841 sensu
1305 789 1387 840 cfr
1422 788 1746 856 Hesychium
1796 806 1840 841 s.
1878 808 1924 844 v,

71 874 321 948 Δημιοὶσι
356 874 556 940 πύλαις
592 886 645 932 et
684 874 1040 948 Δημόκοινος.

866 1020 1122 1075 CXXXV.

204 1126 523 1196 Hesychius,
568 1122 1011 1196 Κεραυνίαςε
1051 1121 1083 1178 ὁ
1119 1122 1614 1193 κεκεραυνωμὲνος.,
1658 1126 1928 1195 Frequen-

65 1219 298 1271 tissimus
335 1217 515 1268 talium
552 1218 991 1270 substantivorum
1028 1216 1169 1283 apud
1206 1215 1432 1267 comicos
1470 1230 1594 1267 usus
1643 1220 1748 1280 est,
1797 1233 1845 1268 v.
1881 1233 1928 1271 c.

67 1298 476 1377 φρονηματίας,
513 1299 771 1367 ἡπατίας,
809 1299 1133 1372 στημονίας,
1171 1297 1555 1372 βαδισματίας
1591 1308 1691 1355 etc.
1770 1304 1926 1372 Quod

66 1396 240 1447 statim
290 1395 524 1461 sequitur
573 1398 710 1463 apud
747 1396 1070 1463 Hesychium
1110 1387 1454 1462 Κεραυνίαςε
1512 1385 1925 1461 ἐμβρόντιστος,

65 1483 407 1537 scribendum
442 1478 833 1551 ἐμβρόντητος.

855 1625 1136 1679 cxxxvl.

210 1731 531 1798 Hesychius,
583 1727 957 1800 Κεστρεῖςε
1007 1725 1135 1791 τοὺς
1171 1723 1467 1797 κεχηνότας
1498 1728 1593 1781 καὶ
1630 1725 1932 1792 πεινῶντας

64 1822 301 1889 κεστρεῖς
355 1818 592 1885 λέγουσι.
662 1818 763 1870 καὶ
807 1815 936 1880 τοὺς
979 1813 1343 1882 Ἀθηναίους
1390 1810 1564 1880 οὕτως
1613 1814 1801 1885 ἔλεγον
1833 1817 1930 1870 καὶ

66 1903 495 1978 προσηγόρευον.
568 1907 633 1959 τὸ
682 1905 788 1977 γὰρ
836 1905 974 1972 ζῶον
1024 1905 1188 1959 τοῦτο
1239 1902 1552 1977 λαιμαργόν
1587 1898 1800 1969 τέ’ἕστι
1835 1907 1932 1960 καὶ

0 2026 3 2053 ι
68 1992 377 2061 ἄπληστον.
465 1998 718 2050 Similiter
767 1999 1116 2051 Athenienses
1168 1993 1490 2066 κεχηναίους
1538 1999 1767 2069 appellat
1815 1999 1932 2052 Ari-

1 2100 4 2118 1
77 2086 377 2155 stophanes.

812 2195 835 2220 *
877 2192 1187 2246 cxxxvn.

216 2298 534 2367 Hesychius,
558 2294 614 2347 Κ
624 2293 655 2346 λ
671 2294 874 2366 αζομὲ
887 2312 1057 2351 mot:
1095 2289 1239 2350 οὕτω
1256 2294 1670 2370 κωμῳδοῦνται.
1708 2293 1936 2352 δοκοῦσι

70 2384 178 2458 γὰρ
229 2381 754 2447 ἐπικύπτοντες
808 2384 1222 2455 προστιλᾶν.
1307 2392 1377 2441 Ει
1431 2384 1932 2455 Κλαζομένιοςε

71 2463 236 2537 οὗτος
266 2469 628 2544 Ἡρακλείδης
679 2468 710 2525 ὁ
748 2470 1127 2545 Κλαζομένιός
1177 2493 1235 2527 τε
1284 2476 1381 2528 καὶ
1417 2470 1449 2527 ὁ
1486 2468 1628 2543 βαῦς
1664 2472 1937 2546 καλούμε-,

73 2578 184 2625 νος.
258 2564 609 2633 interpretes,
647 2563 735 2632 qui
771 2565 904 2617 nihil
941 2567 1008 2618 de
1044 2566 1151 2619 hoc
1186 2567 1471 2618 Heraclide
1510 2567 1840 2619 Clazomenio
1876 2585 1937 2622 ae

72 2653 208 2707 scire
244 2652 496 2717 fatentur,
532 2654 660 2705 satis
698 2653 927 2706 indicant
964 2670 1022 2706 se
1059 2655 1419 2723 glossographi
1455 2656 1613 2707 verba
1651 2672 1753 2708 non
1791 2665 1938 2713 recte

69 2742 388 2812 percepisse.
462 2742 582 2792 Hoc
618 2741 753 2792 enim
803 2742 962 2805 dicit,
998 2743 1336 2797 Heraclidem
1375 2750 1590 2811 propter
1626 2745 1934 2812 flagitiosam

73 2833 380 2900 spurcitiem
421 2847 451 2880 a
486 2831 657 2897 poetis
695 2831 907 2882 comicis
955 2831 1164 2884 ludibrii
1203 2848 1383 2884 caussa
1420 2833 1808 2885 Clazomenium
1845 2853 1936 2903 ap-

74 2921 324 2989 pellatum
364 2935 498 2971 esse.
570 2920 806 2972 Alterum
844 2920 1069 2973 hominis
1107 2938 1415 2989 cognomen,
1453 2922 1593 2989 qnod
1618 2918 1770 2982 Βαῦς
1806 2926 1934 2975 scri-

48 3008 301 3062 ·bcndnm
334 3009 559 3070 videtur,
597 3024 700 3074 quo
721 3015 922 3077 spectet
947 3010 1143 3073 nescio,
1180 3012 1575 3078 necquidquam
1613 3012 1742 3064 lucis
1780 3013 1933 3065 affert

55 3094 332 3148 'lohannes
370 3097 518 3148 Alex.
555 3096 623 3147 de
658 3113 765 3148 acc.
806 3115 858 3166 p.
895 3100 929 3149 7
969 3098 1066 3149 852
1116 3095 1294 3149 ταῦτα
1344 3100 1447 3165 μὲν
1492 3084 1594 3151 οὖν
1640 3093 1931 3169 ἀρσενικὰ·

25 3222 28 3231 .
74 3181 261 3235 κοινὸν
302 3181 361 3233 δὲ
400 3179 461 3233 τό
500 3184 654 3247 παῖς,
702 3183 929 3249 θηλυκὰ
966 3184 1026 3238 δὲ
1060 3182 1244 3255 μόνως
1281 3183 1417 3248 ναῖς
1452 3186 1547 3238 καὶ
1584 3186 1710 3252 νᾶς,
1747 3186 1932 3258 γραῦς,

79 3266 248 3338 βαῦς,
295 3274 434 3340 qnod
486 3274 610 3340 quid
662 3276 731 3326 sit
767 3293 833 3328 ne
872 3277 1165 3330 Lobeckius
1203 3278 1412 3344 quidem
1453 3278 1675 3345 Paralip.
1715 3295 1928 3346 gramm.

76 3361 211 3427 1».ss
246 3370 574 3429 compertum
594 3361 791 3415 habuit.
833 3364 998 3417 Porro
1037 3366 1176 3432 quod
1214 3367 1339 3418 dicit
1373 3366 1782 3435 glossographus
1816 3353 1930 3417 οὗ·

74 3461 190 3509 τος
221 3442 616 3520 Ἡρακλείδης,
653 3450 844 3506 indlcio
880 3461 961 3507 est
996 3453 1132 3507 hanc
1169 3455 1395 3524 glossam
1435 3471 1499 3509 ex
1536 3455 1749 3507 scholiis
1786 3460 1930 3508 vete-
