2202 3918
560 152 621 208 Γ
620 150 901 215 ΝΩΜΑΙ
938 150 1012 206 M
1015 147 1228 207 ΟΝΟΣ
1232 150 1316 202 ΤΙ
1317 150 1372 205 Φ
1382 149 1473 204 OI.

223 297 344 355 ”Au
376 286 439 351 εὖ
474 295 699 371 φρονῇς,
734 292 806 348 τὰ
842 290 1029 348 πάντα
1065 289 1124 363 γ’
1164 287 1448 363 εὐδαίμων
1479 290 1596 365 ἔσῃ.

99 396 206 448 650
240 388 362 442 Ἀεὶ
393 381 687 458 κράτιστόν
723 384 841 438 ε’στι
879 380 1362 453 τάσφαλέστατον.

235 477 467 531 Βλέπων
490 470 840 550 .πεπαίδευμ’
882 467 959 536 εἰς
994 470 1065 524 τὰ
1102 469 1212 524 τῶν
1249 467 1480 524 πολλῶν
1514 464 1675 523 κακά.

234 560 531 634 Βακτηρία
564 558 672 636 γάρ
708 562 828 616 ἐστι
865 561 1099 616 παιδεία
1134 557 1282 631 βίον.

233 654 518 726 Βραβεῖον
552 648 750 723 ἀρετῆς
786 652 940 705 ἐστιν
974 645 1362 704 εὐπαιδευσία.

233 744 471 814 Βροτοῖς
506 733 719 795 ἅπασιν
754 736 789 806 ἡ
828 738 1147 805 συνείδησις
1181 733 1341 801 θεός.

92 837 199 889 655
235 832 485 900 Βέβαιον
520 826 682 884 οὐδὲν
717 828 778 880 έν
814 826 920 902 βίῳ
958 828 1111 883 δοκεῖ
1141 828 1344 881 πέλειν.

231 918 373 983 Βίος
406 919 561 972 ἐστὶν
596 913 670 969 ἄν
705 935 788 979 τις
825 917 903 991 τῷ
940 915 1045 990 βίῳ
1076 914 1245 989 χαίρῃ
1284 913 1439 984 βιῶν.

232 1007 475 1062 Διπλοῖν
513 1003 717 1076 ὁρῶσιν
754 1006 810 1059 οὶ
844 1003 1135 1076 μαθόντες
1171 1000 1496 1075 γράμματα.

234 1094 482 1167 Δύναμις
519 1097 725 1167 πέφυκε
762 1097 878 1159 τοῖς
914 1096 1135 1166 βροτοῖς
1172 1091 1240 1146 τὰ
1271 1089 1554 1164 χρήματα.

231 1185 337 1240 Διὰ
373 1187 431 1239 δὲ
469 1184 680 1250 σιωπῆς
716 1182 1039 1258 πικρότερον
1075 1183 1382 1253 κατηγορεῖ.

91 1282 198 1332 660
233 1271 860 1347 Δυσπαρακολούθητον
896 1274 955 1326 δὲ
991 1270 1208 1343 πρᾶγμ’
1249 1268 1387 1326 ἔσθ’
1427 1266 1460 1336 ἡ
1499 1264 1654 1339 τύχη.

221 1362 450 1429 Ἵίλπιζε
486 1359 677 1417 πάντα
711 1365 870 1435 μέχρι
906 1358 1083 1433 γήρως
1119 1358 1338 1427 θνητὸς
1371 1355 1470 1415 ‹fl-v
1650 1378 1653 1385 ’

231 1454 301 1508 Εἰ
338 1452 417 1523 μὴ
456 1452 716 1519 καθέξεις
752 1452 1033 1523 γλῶσσαν,
1066 1448 1182 1504 ἔστι
1221 1468 1315 1505 σοι
1349 1445 1508 1502 κακά.

226 1538 330 1596 Ἐν
367 1537 422 1593 δ’
461 1537 963 1613 εὐπροσηγόροισίν
997 1537 1119 1592 ἐστι’
1157 1557 1238 1601 τις
1267 1534 1444 1609 χάρις.

229 1627 333 1685 Ἐν
367 1630 490 1705 γῇ,
475 1631 753 1684 πένεσθαι
787 1630 1032 1701 κρεῖττον
1068 1621 1106 1692 ἢ
1139 1624 1490 1679 πλουτοῦντα
1525 1623 1699 1680 πλεῖν.

90 1724 195 1778 665
231 1715 306 1774 Εἰ
336 1720 414 1790 μὴ
453 1717 517 1773 τὸ
555 1720 750 1818 λαβεῖν
785 1718 872 1786 ἠν,
909 1711 1041 1772 οὐδ’
1084 1710 1157 1768 ἂν
1190 1707 1270 1778 εἷς
1305 1711 1547 1786 πονηρὸς
1581 1701 1671 1779 ἦν.

233 1809 350 1875 Ζῆν
385 1803 633 1880 αἰσχρόν,
667 1799 752 1871 οἷς
787 1805 883 1873 ζῆν
919 1801 1245 1876 ἐφθόνησεν
1281 1802 1312 1871 ἡ
1354 1802 1506 1875 τύχη.

225 1896 315 1952 ‘H
352 1897 410 1950 δὲ
445 1894 717 1968 μετάνοια
751 1890 961 1965 γίγνετ’
1001 1891 1334 1968 ἀνθρώποις
1368 1890 1564 1966 κρίσις.

229 1983 324 2040 ‘H
356 1987 535 2040 δοῦσα
572 1985 757 2040 πάντα
794 1986 891 2039 καὶ
924 1983 1203 2054 κομίζεται
1240 1980 1425 2055 φύσις.

227 2071 387 2129 Ἠὁύ
424 2094 481 2143 γε
520 2073 705 2146 πατὴρ
741 2070 1019 2146 φρόνησιν
1056 2069 1181 2126 ἄντ’
1223 2069 1389 2144 ὀργῆς
1425 2067 1579 2139 ἔχων.

92 2172 199 2222 670
239 2163 453 2229 Θνητὸς
489 2161 742 2233 πεφυκώς
776 2161 855 2231 μὴ
893 2163 1023 2231 γέλα
1061 2157 1399 2228 τεθνηκότα.

239 2253 382 2307 θεοῦ
418 2252 687 2315 θέλοντος
722 2246 827 2304 κᾶν
862 2252 953 2304 ε’πὶ
986 2250 1147 2327 ῥιπὸς
1184 2252 1384 2314 πλέοις.

228 2339 491 2407 Ἰσότητα
528 2341 584 2393 δ’
624 2340 788 2410 αἱροῦ
822 2341 919 2395 καὶ
957 2336 1278 2407 πλεονεξίαν
1314 2335 1470 2410 φύγε.

202 2427 406 2493 ,Ἴδίας
439 2427 619 2501 νόμιζε
657 2429 768 2485 τῶν
804 2428 983 2500 φίλων
1020 2427 1117 2492 τὰς
1155 2426 1465 2501 συμφοράς.

229 2518 444 2590 Ἰατρὸς
480 2517 511 2574 ὁ
546 2513 707 2588 λόγος
741 2517 843 2572 τοῦ
877 2516 1020 2573 κατὰ
1057 2518 1245 2592 ψυχὴν
1281 2515 1530 2581 πάθους.

29 2656 37 2667 ,
91 2614 196 2676 ⁰35
238 2609 432 2663 Καλὸν
465 2608 722 2679 γυναικὸς
757 2603 980 2680 εἰσορᾶν
1013 2607 1217 2672 καλοῖς
1253 2603 1506 2681 τρόπους.

234 2698 448 2769 Καιρός
484 2695 592 2771 γάρ
625 2697 746 2751 ἐστι
781 2697 892 2752 τῶν
925 2693 1114 2769 νόμων
1148 2699 1394 2771 κρεῖττον
1429 2690 1589 2753 πολύ.

230 2789 440 2860 Καιροὶ
478 2787 535 2841 δὲ
571 2783 911 2841 καταλύουσι
947 2785 1045 2850 τὰς
1081 2784 1434 2858 τυραννίδας.

229 2877 460 2950 Κρίνειν
496 2876 714 2933 δίκαιον
746 2874 824 2947 μὴ
863 2873 925 2930 τὸ
963 2876 1249 2947 συμφέρον
1284 2874 1442 2930 θέλε.

232 2965 446 3021 Κοινόν
481 2966 647 3036 τύχη,
683 2963 873 3037 γνώμη
910 2966 968 3019 δὲ
1004 2964 1114 3020 τῶν
1148 2964 1507 3034 κεκτημένων.

90 3060 199 3113 680
235 3055 432 3111 Καλὸν
467 3054 531 3109 τὸ
569 3052 765 3127 νήφειν
799 3051 837 3122 ἢ
873 3054 938 3109 τὸ
974 3052 1153 3108 πολλὰ
1189 3051 1520 3125 κραιπαλᾶν.

232 3146 446 3199 Κοινὸν
484 3146 541 3199 δέ
578 3142 748 3199 καλόν
784 3145 901 3199 ἐστι
932 3140 1172 3214 χρηστὸς
1208 3138 1463 3214 εὐτυχῶν.

229 3235 457 3299 Λεπτῶς
492 3236 551 3305 γέ
589 3254 674 3290 τοι
708 3235 806 3301 ζῆν
839 3237 1095 3308 κρεῖσσον
1131 3226 1167 3300 ἢ
1204 3230 1467 3303 λαμπρῶς
1501 3226 1699 3293 κακῶς.

230 3321 420 3395 Λόγον
456 3320 593 3396 παρ’
634 3323 843 3397 ἐχθροῦ
880 3318 1108 3395 μήποθ’
1145 3318 1325 3397 ἡγήσῃ
1362 3319 1547 3394 φίλον.

235 3414 532 3482 Μηδέποτε
574 3410 722 3490 γήμῃ
758 3414 896 3486 μηδὲ
934 3404 1011 3477 εἷς
1047 3409 1237 3478 εὔνους
1272 3409 1419 3485 ἐμοί.
