<?xml version="1.0" encoding="UTF-8"?>
<!DOCTYPE html PUBLIC "-//W3C//DTD XHTML 1.0 Transitional//EN"
    "http://www.w3.org/TR/xhtml1/DTD/xhtml1-transitional.dtd">
<html xmlns="http://www.w3.org/1999/xhtml" xml:lang="en" lang="en">
 <head>
  <title>
</title>
<meta http-equiv="Content-Type" content="text/html;charset=utf-8" />
  <meta name='ocr-system' content='tesseract 3.04.00' />
  <meta name='ocr-capabilities' content='ocr_page ocr_carea ocr_par ocr_line ocrx_word'/>
</head>
<body>
  <div class='ocr_page' id='page_1' title='image "./fragmentacomicor04meinuoft_0012.png"; bbox 0 0 2202 3918; ppageno 0'>
   <div class='ocr_carea' id='block_1_1' title="bbox 285 147 1402 203">
    <p class='ocr_par' dir='ltr' id='par_1_1' title="bbox 285 147 1402 203">
     <span class='ocr_line' id='line_1_1' title="bbox 285 147 1402 203; baseline 0.003 -3"><span class='ocrx_word' id='word_1_1' title='bbox 285 166 335 200; x_wconf 74' lang='lat' dir='ltr'><strong>vr</strong></span> <span class='ocrx_word' id='word_1_2' title='bbox 972 147 1402 203; x_wconf 78' lang='lat' dir='ltr'><strong>PRAEFATIO.</strong></span> 
     </span>
    </p>
   </div>
   <div class='ocr_carea' id='block_1_2' title="bbox 243 284 2135 2813">
    <p class='ocr_par' dir='ltr' id='par_1_2' title="bbox 243 284 2135 2813">
     <span class='ocr_line' id='line_1_2' title="bbox 287 284 2131 374; baseline 0.007 -26"><span class='ocrx_word' id='word_1_3' title='bbox 287 307 457 368; x_wconf 87' lang='lat' dir='ltr'><strong>quum</strong></span> <span class='ocrx_word' id='word_1_4' title='bbox 503 284 804 349; x_wconf 91' lang='lat' dir='ltr'><strong>Henricus</strong></span> <span class='ocrx_word' id='word_1_5' title='bbox 850 285 1086 362; x_wconf 84' lang='lat' dir='ltr'><strong>lacobi,</strong></span> <span class='ocrx_word' id='word_1_6' title='bbox 1142 287 1397 368; x_wconf 79' lang='lat' dir='ltr'><strong>optimae</strong></span> <span class='ocrx_word' id='word_1_7' title='bbox 1452 291 1584 372; x_wconf 89' lang='lat' dir='ltr'><strong>spei</strong></span> <span class='ocrx_word' id='word_1_8' title='bbox 1640 291 1908 374; x_wconf 88' lang='lat' dir='ltr'><strong>iuvenis,</strong></span> <span class='ocrx_word' id='word_1_9' title='bbox 1965 318 2131 360; x_wconf 86' lang='lat' dir='ltr'><strong>suam</strong></span> 
     </span>
     <span class='ocr_line' id='line_1_3' title="bbox 288 386 2131 474; baseline 0.005 -26"><span class='ocrx_word' id='word_1_10' title='bbox 288 389 425 449; x_wconf 90' lang='lat' dir='ltr'><strong>mihi</strong></span> <span class='ocrx_word' id='word_1_11' title='bbox 477 409 714 471; x_wconf 83' lang='lat' dir='ltr'>operam</span> <span class='ocrx_word' id='word_1_12' title='bbox 772 386 1277 459; x_wconf 80' lang='lat' dir='ltr'><strong>commodaverit,</strong></span> <span class='ocrx_word' id='word_1_13' title='bbox 1346 389 1599 450; x_wconf 84' lang='lat' dir='ltr'><strong>futurum</strong></span> <span class='ocrx_word' id='word_1_14' title='bbox 1653 395 1833 474; x_wconf 88' lang='lat' dir='ltr'><strong>spero</strong></span> <span class='ocrx_word' id='word_1_15' title='bbox 1889 403 1954 460; x_wconf 90' lang='lat' dir='ltr'><strong>ut</strong></span> <span class='ocrx_word' id='word_1_16' title='bbox 2019 399 2131 462; x_wconf 83' lang='lat' dir='ltr'><strong>sub</strong></span> 
     </span>
     <span class='ocr_line' id='line_1_4' title="bbox 288 487 2131 583; baseline 0.006 -31"><span class='ocrx_word' id='word_1_17' title='bbox 288 491 539 574; x_wconf 81' lang='lat' dir='ltr'><strong>proximi</strong></span> <span class='ocrx_word' id='word_1_18' title='bbox 582 488 719 550; x_wconf 89' lang='lat' dir='ltr'><strong>anni</strong></span> <span class='ocrx_word' id='word_1_19' title='bbox 765 487 936 547; x_wconf 86' lang='lat' dir='ltr'><strong>finem</strong></span> <span class='ocrx_word' id='word_1_20' title='bbox 971 491 1229 569; x_wconf 84' lang='lat' dir='ltr'><strong>optatam</strong></span> <span class='ocrx_word' id='word_1_21' title='bbox 1263 493 1473 550; x_wconf 88' lang='lat' dir='ltr'><strong>metam</strong></span> <span class='ocrx_word' id='word_1_22' title='bbox 1507 490 1803 571; x_wconf 86' lang='lat' dir='ltr'><strong>attingere</strong></span> <span class='ocrx_word' id='word_1_23' title='bbox 1839 503 1901 558; x_wconf 85' lang='lat' dir='ltr'><strong>et</strong></span> <span class='ocrx_word' id='word_1_24' title='bbox 1931 500 2131 583; x_wconf 72' lang='lat' dir='ltr'><strong>respi-</strong></span> 
     </span>
     <span class='ocr_line' id='line_1_5' title="bbox 289 586 2132 662; baseline 0.005 -8"><span class='ocrx_word' id='word_1_25' title='bbox 289 613 426 654; x_wconf 86' lang='lat' dir='ltr'><strong>rare</strong></span> <span class='ocrx_word' id='word_1_26' title='bbox 469 590 702 653; x_wconf 88' lang='lat' dir='ltr'><strong>tandem</strong></span> <span class='ocrx_word' id='word_1_27' title='bbox 747 609 783 650; x_wconf 91' lang='lat' dir='ltr'><strong>a</strong></span> <span class='ocrx_word' id='word_1_28' title='bbox 826 586 1052 650; x_wconf 89' lang='lat' dir='ltr'><strong>diutino</strong></span> <span class='ocrx_word' id='word_1_29' title='bbox 1095 594 1157 650; x_wconf 89' lang='lat' dir='ltr'><strong>et</strong></span> <span class='ocrx_word' id='word_1_30' title='bbox 1193 598 1546 653; x_wconf 76' lang='lat' dir='ltr'><strong>aerumnoso</strong></span> <span class='ocrx_word' id='word_1_31' title='bbox 1581 591 1784 656; x_wconf 89' lang='lat' dir='ltr'><strong>labore</strong></span> <span class='ocrx_word' id='word_1_32' title='bbox 1810 596 1947 658; x_wconf 92' lang='lat' dir='ltr'><strong>mihi</strong></span> <span class='ocrx_word' id='word_1_33' title='bbox 1981 620 2132 662; x_wconf 92' lang='lat' dir='ltr'><strong>con-</strong></span> 
     </span>
     <span class='ocr_line' id='line_1_6' title="bbox 285 690 2133 776; baseline 0.003 -20"><span class='ocrx_word' id='word_1_34' title='bbox 285 714 526 756; x_wconf 91' lang='lat' dir='ltr'><strong>cessum</strong></span> <span class='ocrx_word' id='word_1_35' title='bbox 573 691 669 753; x_wconf 91' lang='lat' dir='ltr'><strong>sit.</strong></span> <span class='ocrx_word' id='word_1_36' title='bbox 735 690 1184 772; x_wconf 89' lang='lat' dir='ltr'><strong>Anonymorum</strong></span> <span class='ocrx_word' id='word_1_37' title='bbox 1227 692 1581 754; x_wconf 82' lang='lat' dir='ltr'><strong>comicorum</strong></span> <span class='ocrx_word' id='word_1_38' title='bbox 1624 693 1957 776; x_wconf 87' lang='lat' dir='ltr'><strong>fragmenta</strong></span> <span class='ocrx_word' id='word_1_39' title='bbox 2000 702 2133 762; x_wconf 85' lang='lat' dir='ltr'><strong>col-</strong></span> 
     </span>
     <span class='ocr_line' id='line_1_7' title="bbox 285 791 2134 875; baseline 0.004 -19"><span class='ocrx_word' id='word_1_40' title='bbox 285 793 512 875; x_wconf 88' lang='lat' dir='ltr'><strong>ligendi</strong></span> <span class='ocrx_word' id='word_1_41' title='bbox 547 791 858 854; x_wconf 91' lang='lat' dir='ltr'><strong>consilium</strong></span> <span class='ocrx_word' id='word_1_42' title='bbox 889 797 1029 853; x_wconf 88' lang='lat' dir='ltr'><strong>ante</strong></span> <span class='ocrx_word' id='word_1_43' title='bbox 1056 812 1286 874; x_wconf 84' lang='lat' dir='ltr'><strong>paucos</strong></span> <span class='ocrx_word' id='word_1_44' title='bbox 1323 794 1550 855; x_wconf 89' lang='lat' dir='ltr'><strong>demum</strong></span> <span class='ocrx_word' id='word_1_45' title='bbox 1581 815 1771 859; x_wconf 90' lang='lat' dir='ltr'><strong>annos</strong></span> <span class='ocrx_word' id='word_1_46' title='bbox 1802 798 1941 860; x_wconf 89' lang='lat' dir='ltr'><strong>mihi</strong></span> <span class='ocrx_word' id='word_1_47' title='bbox 1985 801 2134 863; x_wconf 88' lang='lat' dir='ltr'><strong>sub-</strong></span> 
     </span>
     <span class='ocr_line' id='line_1_8' title="bbox 288 893 2135 983; baseline 0.005 -27"><span class='ocrx_word' id='word_1_48' title='bbox 288 902 486 957; x_wconf 88' lang='lat' dir='ltr'><strong>natum</strong></span> <span class='ocrx_word' id='word_1_49' title='bbox 530 899 646 956; x_wconf 90' lang='lat' dir='ltr'><strong>est.</strong></span> <span class='ocrx_word' id='word_1_50' title='bbox 731 894 937 974; x_wconf 86' lang='lat' dir='ltr'><strong>ltaque</strong></span> <span class='ocrx_word' id='word_1_51' title='bbox 994 893 1231 956; x_wconf 88' lang='lat' dir='ltr'><strong>nonnisi</strong></span> <span class='ocrx_word' id='word_1_52' title='bbox 1279 915 1352 956; x_wconf 87' lang='lat' dir='ltr'><strong>ea</strong></span> <span class='ocrx_word' id='word_1_53' title='bbox 1409 915 1710 978; x_wconf 88' lang='lat' dir='ltr'><strong>apponere</strong></span> <span class='ocrx_word' id='word_1_54' title='bbox 1759 900 1925 982; x_wconf 85' lang='lat' dir='ltr'><strong>potui</strong></span> <span class='ocrx_word' id='word_1_55' title='bbox 1981 923 2135 983; x_wconf 87' lang='lat' dir='ltr'><strong>quae</strong></span> 
     </span>
     <span class='ocr_line' id='line_1_9' title="bbox 285 997 2133 1083; baseline 0.004 -24"><span class='ocrx_word' id='word_1_56' title='bbox 285 1003 388 1059; x_wconf 85' lang='lat' dir='ltr'><strong>aut</strong></span> <span class='ocrx_word' id='word_1_57' title='bbox 431 1016 615 1060; x_wconf 87' lang='lat' dir='ltr'><strong>casus</strong></span> <span class='ocrx_word' id='word_1_58' title='bbox 660 997 898 1058; x_wconf 85' lang='lat' dir='ltr'><strong>offerret</strong></span> <span class='ocrx_word' id='word_1_59' title='bbox 954 1002 1055 1056; x_wconf 89' lang='lat' dir='ltr'><strong>aut</strong></span> <span class='ocrx_word' id='word_1_60' title='bbox 1107 997 1437 1075; x_wconf 75' lang='lat' dir='ltr'><strong>memoria,</strong></span> <span class='ocrx_word' id='word_1_61' title='bbox 1474 1018 1590 1059; x_wconf 91' lang='lat' dir='ltr'><strong>non</strong></span> <span class='ocrx_word' id='word_1_62' title='bbox 1634 1004 1732 1061; x_wconf 90' lang='lat' dir='ltr'><strong>sat</strong></span> <span class='ocrx_word' id='word_1_63' title='bbox 1774 1001 1967 1064; x_wconf 89' lang='lat' dir='ltr'><strong>fidelis</strong></span> <span class='ocrx_word' id='word_1_64' title='bbox 2010 1004 2133 1083; x_wconf 89' lang='lat' dir='ltr'><strong>illa,</strong></span> 
     </span>
     <span class='ocr_line' id='line_1_10' title="bbox 282 1097 2129 1183; baseline 0.003 -22"><span class='ocrx_word' id='word_1_65' title='bbox 282 1103 664 1183; x_wconf 72' lang='lat' dir='ltr'><strong>suggereret.</strong></span> <span class='ocrx_word' id='word_1_66' title='bbox 758 1097 1142 1160; x_wconf 84' lang='lat' dir='ltr'><strong>Plutarchum</strong></span> <span class='ocrx_word' id='word_1_67' title='bbox 1198 1099 1571 1182; x_wconf 87' lang='lat' dir='ltr'><strong>Hesychium</strong></span> <span class='ocrx_word' id='word_1_68' title='bbox 1627 1101 1930 1164; x_wconf 91' lang='lat' dir='ltr'><strong>Pollucem</strong></span> <span class='ocrx_word' id='word_1_69' title='bbox 1999 1104 2129 1167; x_wconf 81' lang='lat' dir='ltr'><strong>Eu-</strong></span> 
     </span>
     <span class='ocr_line' id='line_1_11' title="bbox 284 1200 2133 1284; baseline 0.002 -22"><span class='ocrx_word' id='word_1_70' title='bbox 284 1201 563 1263; x_wconf 86' lang='lat' dir='ltr'><strong>stathium</strong></span> <span class='ocrx_word' id='word_1_71' title='bbox 599 1218 944 1282; x_wconf 86' lang='lat' dir='ltr'><strong>paucosque</strong></span> <span class='ocrx_word' id='word_1_72' title='bbox 988 1200 1142 1262; x_wconf 89' lang='lat' dir='ltr'><strong>alios</strong></span> <span class='ocrx_word' id='word_1_73' title='bbox 1198 1222 1314 1263; x_wconf 92' lang='lat' dir='ltr'><strong>non</strong></span> <span class='ocrx_word' id='word_1_74' title='bbox 1370 1205 1736 1284; x_wconf 84' lang='lat' dir='ltr'><strong>pertractavi</strong></span> <span class='ocrx_word' id='word_1_75' title='bbox 1780 1203 2011 1284; x_wconf 89' lang='lat' dir='ltr'><strong>quidem</strong></span> <span class='ocrx_word' id='word_1_76' title='bbox 2055 1204 2133 1266; x_wconf 83' lang='lat' dir='ltr'><strong>ad</strong></span> 
     </span>
     <span class='ocr_line' id='line_1_12' title="bbox 243 1302 2131 1387; baseline 0.002 -24"><span class='ocrx_word' id='word_1_77' title='bbox 243 1302 441 1382; x_wconf 44' lang='lat' dir='ltr'><strong>,hunc</strong></span> <span class='ocrx_word' id='word_1_78' title='bbox 492 1303 686 1384; x_wconf 90' lang='lat' dir='ltr'><strong>ipsum</strong></span> <span class='ocrx_word' id='word_1_79' title='bbox 734 1302 908 1364; x_wconf 90' lang='lat' dir='ltr'><strong>finem</strong></span> <span class='ocrx_word' id='word_1_80' title='bbox 965 1307 1126 1365; x_wconf 85' lang='lat' dir='ltr'><strong>totos</strong></span> <span class='ocrx_word' id='word_1_81' title='bbox 1184 1311 1246 1365; x_wconf 92' lang='lat' dir='ltr'><strong>et</strong></span> <span class='ocrx_word' id='word_1_82' title='bbox 1299 1303 1608 1384; x_wconf 86' lang='lat' dir='ltr'><strong>integros,</strong></span> <span class='ocrx_word' id='word_1_83' title='bbox 1659 1310 1720 1365; x_wconf 88' lang='lat' dir='ltr'><strong>at</strong></span> <span class='ocrx_word' id='word_1_84' title='bbox 1765 1306 1975 1387; x_wconf 74' lang='lat' dir='ltr'><strong>&#39;paullo</strong></span> <span class='ocrx_word' id='word_1_85' title='bbox 2034 1306 2131 1367; x_wconf 86' lang='lat' dir='ltr'><strong>di-</strong></span> 
     </span>
     <span class='ocr_line' id='line_1_13' title="bbox 284 1402 2127 1486; baseline 0.003 -23"><span class='ocrx_word' id='word_1_86' title='bbox 284 1402 569 1484; x_wconf 86' lang='lat' dir='ltr'><strong>ligentius</strong></span> <span class='ocrx_word' id='word_1_87' title='bbox 613 1408 807 1465; x_wconf 85' lang='lat' dir='ltr'><strong>tamen</strong></span> <span class='ocrx_word' id='word_1_88' title='bbox 851 1404 1112 1486; x_wconf 85' lang='lat' dir='ltr'><strong>inspexi.</strong></span> <span class='ocrx_word' id='word_1_89' title='bbox 1196 1404 1341 1465; x_wconf 92' lang='lat' dir='ltr'><strong>Non</strong></span> <span class='ocrx_word' id='word_1_90' title='bbox 1399 1405 1653 1467; x_wconf 87' lang='lat' dir='ltr'><strong>mirabor</strong></span> <span class='ocrx_word' id='word_1_91' title='bbox 1689 1412 1884 1469; x_wconf 89' lang='lat' dir='ltr'><strong>tamen</strong></span> <span class='ocrx_word' id='word_1_92' title='bbox 1926 1409 1981 1470; x_wconf 91' lang='lat' dir='ltr'><strong>si</strong></span> <span class='ocrx_word' id='word_1_93' title='bbox 2028 1408 2127 1470; x_wconf 81' lang='lat' dir='ltr'><strong>vel</strong></span> 
     </span>
     <span class='ocr_line' id='line_1_14' title="bbox 282 1505 2126 1588; baseline 0.002 -21"><span class='ocrx_word' id='word_1_94' title='bbox 282 1526 365 1567; x_wconf 89' lang='lat' dir='ltr'><strong>ex</strong></span> <span class='ocrx_word' id='word_1_95' title='bbox 406 1505 501 1567; x_wconf 91' lang='lat' dir='ltr'><strong>his</strong></span> <span class='ocrx_word' id='word_1_96' title='bbox 545 1506 940 1588; x_wconf 83' lang='lat' dir='ltr'><strong>scriptoribus</strong></span> <span class='ocrx_word' id='word_1_97' title='bbox 985 1506 1229 1588; x_wconf 82' lang='lat' dir='ltr'><strong>sylloge</strong></span> <span class='ocrx_word' id='word_1_98' title='bbox 1262 1513 1471 1569; x_wconf 88' lang='lat' dir='ltr'><strong>nostra</strong></span> <span class='ocrx_word' id='word_1_99' title='bbox 1507 1508 1706 1569; x_wconf 90' lang='lat' dir='ltr'><strong>multis</strong></span> <span class='ocrx_word' id='word_1_100' title='bbox 1750 1508 2126 1572; x_wconf 85' lang='lat' dir='ltr'><strong>accessioni-</strong></span> 
     </span>
     <span class='ocr_line' id='line_1_15' title="bbox 280 1591 2125 1692; baseline 0.002 -21"><span class='ocrx_word' id='word_1_101' title='bbox 280 1607 394 1691; x_wconf 86' lang='lat' dir='ltr'><strong>bus</strong></span> <span class='ocrx_word' id='word_1_102' title='bbox 453 1606 627 1669; x_wconf 89' lang='lat' dir='ltr'><strong>ditari</strong></span> <span class='ocrx_word' id='word_1_103' title='bbox 677 1609 964 1691; x_wconf 87' lang='lat' dir='ltr'><strong>potuerit,</strong></span> <span class='ocrx_word' id='word_1_104' title='bbox 1019 1608 1271 1670; x_wconf 88' lang='lat' dir='ltr'><strong>maxime</strong></span> <span class='ocrx_word' id='word_1_105' title='bbox 1314 1591 1407 1670; x_wconf 71' lang='lat' dir='ltr'><strong>.ex</strong></span> <span class='ocrx_word' id='word_1_106' title='bbox 1464 1609 1812 1692; x_wconf 87' lang='lat' dir='ltr'><strong>Hesychio,</strong></span> <span class='ocrx_word' id='word_1_107' title='bbox 1865 1612 2125 1674; x_wconf 87' lang='lat' dir='ltr'><strong>comica-</strong></span> 
     </span>
     <span class='ocr_line' id='line_1_16' title="bbox 279 1709 2125 1789; baseline 0.003 -19"><span class='ocrx_word' id='word_1_108' title='bbox 279 1729 405 1770; x_wconf 83' lang='lat' dir='ltr'><strong>rum</strong></span> <span class='ocrx_word' id='word_1_109' title='bbox 450 1709 791 1789; x_wconf 85' lang='lat' dir='ltr'><strong>glossarum</strong></span> <span class='ocrx_word' id='word_1_110' title='bbox 836 1731 952 1773; x_wconf 91' lang='lat' dir='ltr'><strong>uno</strong></span> <span class='ocrx_word' id='word_1_111' title='bbox 996 1711 1246 1773; x_wconf 91' lang='lat' dir='ltr'><strong>omnium</strong></span> <span class='ocrx_word' id='word_1_112' title='bbox 1282 1710 1673 1775; x_wconf 87' lang='lat' dir='ltr'><strong>feracissimo.</strong></span> <span class='ocrx_word' id='word_1_113' title='bbox 1736 1714 1943 1774; x_wconf 80' lang='lat' dir='ltr'><strong>Ferax</strong></span> <span class='ocrx_word' id='word_1_114' title='bbox 1986 1714 2125 1775; x_wconf 90' lang='lat' dir='ltr'><strong>item</strong></span> 
     </span>
     <span class='ocr_line' id='line_1_17' title="bbox 279 1810 2124 1897; baseline 0.004 -27"><span class='ocrx_word' id='word_1_115' title='bbox 279 1810 679 1892; x_wconf 80' lang='lat' dir='ltr'><strong>Phrynichus,</strong></span> <span class='ocrx_word' id='word_1_116' title='bbox 722 1813 893 1875; x_wconf 90' lang='lat' dir='ltr'><strong>cuius</strong></span> <span class='ocrx_word' id='word_1_117' title='bbox 935 1814 996 1874; x_wconf 90' lang='lat' dir='ltr'><strong>in</strong></span> <span class='ocrx_word' id='word_1_118' title='bbox 1040 1819 1327 1897; x_wconf 83' lang='lat' dir='ltr'><strong>apparatu</strong></span> <span class='ocrx_word' id='word_1_119' title='bbox 1371 1814 1717 1897; x_wconf 87' lang='lat' dir='ltr'><strong>sophistico·</strong></span> <span class='ocrx_word' id='word_1_120' title='bbox 1744 1835 1897 1897; x_wconf 90' lang='lat' dir='ltr'><strong>quae</strong></span> <span class='ocrx_word' id='word_1_121' title='bbox 1939 1816 2124 1877; x_wconf 91' lang='lat' dir='ltr'><strong>omis-</strong></span> 
     </span>
     <span class='ocr_line' id='line_1_18' title="bbox 278 1905 2123 2000; baseline 0.003 -27"><span class='ocrx_word' id='word_1_122' title='bbox 278 1905 369 1974; x_wconf 81' lang='lat' dir='ltr'><strong>sis</strong></span> <span class='ocrx_word' id='word_1_123' title='bbox 412 1920 716 1976; x_wconf 88' lang='lat' dir='ltr'><strong>auctorum</strong></span> <span class='ocrx_word' id='word_1_124' title='bbox 746 1916 1076 1978; x_wconf 88' lang='lat' dir='ltr'><strong>nominibus</strong></span> <span class='ocrx_word' id='word_1_125' title='bbox 1109 1916 1462 1979; x_wconf 89' lang='lat' dir='ltr'><strong>comicorum</strong></span> <span class='ocrx_word' id='word_1_126' title='bbox 1491 1917 1765 2000; x_wconf 86' lang='lat' dir='ltr'><strong>exempla</strong></span> <span class='ocrx_word' id='word_1_127' title='bbox 1801 1919 2123 1979; x_wconf 86' lang='lat' dir='ltr'><strong>afferuntur</strong></span> 
     </span>
     <span class='ocr_line' id='line_1_19' title="bbox 277 2016 2123 2101; baseline 0.003 -26"><span class='ocrx_word' id='word_1_128' title='bbox 277 2016 560 2098; x_wconf 88' lang='lat' dir='ltr'><strong>pleraque</strong></span> <span class='ocrx_word' id='word_1_129' title='bbox 583 2017 786 2089; x_wconf 64' lang='lat' dir='ltr'><strong>omnia</strong></span> <span class='ocrx_word' id='word_1_130' title='bbox 810 2018 886 2079; x_wconf 90' lang='lat' dir='ltr'><strong>ad</strong></span> <span class='ocrx_word' id='word_1_131' title='bbox 922 2019 1214 2100; x_wconf 89' lang='lat' dir='ltr'><strong>antiquam</strong></span> <span class='ocrx_word' id='word_1_132' title='bbox 1251 2024 1530 2101; x_wconf 84' lang='lat' dir='ltr'><strong>spectant</strong></span> <span class='ocrx_word' id='word_1_133' title='bbox 1564 2016 1943 2094; x_wconf 85' lang='lat' dir='ltr'><strong>comoediam,</strong></span> <span class='ocrx_word' id='word_1_134' title='bbox 1967 2018 2123 2099; x_wconf 86' lang='lat' dir='ltr'><strong>quod</strong></span> 
     </span>
     <span class='ocr_line' id='line_1_20' title="bbox 278 2116 2123 2208; baseline 0.003 -33"><span class='ocrx_word' id='word_1_135' title='bbox 278 2116 418 2179; x_wconf 88' lang='lat' dir='ltr'><strong>ideo</strong></span> <span class='ocrx_word' id='word_1_136' title='bbox 457 2117 556 2183; x_wconf 87' lang='lat' dir='ltr'><strong>hic</strong></span> <span class='ocrx_word' id='word_1_137' title='bbox 598 2121 1068 2193; x_wconf 85' lang='lat' dir='ltr'><strong>commemoravi,</strong></span> <span class='ocrx_word' id='word_1_138' title='bbox 1112 2121 1382 2200; x_wconf 89' lang='lat' dir='ltr'><strong>quoniam</strong></span> <span class='ocrx_word' id='word_1_139' title='bbox 1414 2121 1630 2181; x_wconf 85' lang='lat' dir='ltr'><strong>aetatis</strong></span> <span class='ocrx_word' id='word_1_140' title='bbox 1667 2120 1942 2208; x_wconf 62' lang='lat' dir='ltr'><strong>indicium</strong></span> <span class='ocrx_word' id='word_1_141' title='bbox 1974 2119 2123 2203; x_wconf 88' lang='lat' dir='ltr'><strong>pau-</strong></span> 
     </span>
     <span class='ocr_line' id='line_1_21' title="bbox 278 2220 2122 2301; baseline -0.001 -18"><span class='ocrx_word' id='word_1_142' title='bbox 278 2222 369 2284; x_wconf 86' lang='lat' dir='ltr'><strong>cis</strong></span> <span class='ocrx_word' id='word_1_143' title='bbox 423 2228 646 2283; x_wconf 85' lang='lat' dir='ltr'><strong>tantum</strong></span> <span class='ocrx_word' id='word_1_144' title='bbox 701 2226 763 2282; x_wconf 85' lang='lat' dir='ltr'><strong>et</strong></span> <span class='ocrx_word' id='word_1_145' title='bbox 818 2220 896 2282; x_wconf 91' lang='lat' dir='ltr'><strong>de</strong></span> <span class='ocrx_word' id='word_1_146' title='bbox 952 2221 1164 2301; x_wconf 86' lang='lat' dir='ltr'><strong>quibus</strong></span> <span class='ocrx_word' id='word_1_147' title='bbox 1218 2221 1438 2283; x_wconf 90' lang='lat' dir='ltr'><strong>nullum</strong></span> <span class='ocrx_word' id='word_1_148' title='bbox 1497 2221 1634 2281; x_wconf 90' lang='lat' dir='ltr'><strong>mihi</strong></span> <span class='ocrx_word' id='word_1_149' title='bbox 1689 2220 1924 2282; x_wconf 87' lang='lat' dir='ltr'><strong>dubium</strong></span> <span class='ocrx_word' id='word_1_150' title='bbox 1977 2240 2122 2284; x_wconf 83' lang='lat' dir='ltr'><strong>esse</strong></span> 
     </span>
     <span class='ocr_line' id='line_1_22' title="bbox 276 2322 2119 2408; baseline -0.001 -23"><span class='ocrx_word' id='word_1_151' title='bbox 276 2323 464 2408; x_wconf 88' lang='lat' dir='ltr'><strong>posse</strong></span> <span class='ocrx_word' id='word_1_152' title='bbox 516 2322 830 2386; x_wconf 87' lang='lat' dir='ltr'><strong>videbatur</strong></span> <span class='ocrx_word' id='word_1_153' title='bbox 879 2322 1035 2384; x_wconf 86' lang='lat' dir='ltr'><strong>locis</strong></span> <span class='ocrx_word' id='word_1_154' title='bbox 1076 2323 1345 2405; x_wconf 89' lang='lat' dir='ltr'><strong>apposui.</strong></span> <span class='ocrx_word' id='word_1_155' title='bbox 1429 2323 1732 2404; x_wconf 84' lang='lat' dir='ltr'><strong>Antiquae</strong></span> <span class='ocrx_word' id='word_1_156' title='bbox 1773 2330 1965 2385; x_wconf 90' lang='lat' dir='ltr'><strong>autem</strong></span> <span class='ocrx_word' id='word_1_157' title='bbox 2006 2342 2119 2404; x_wconf 90' lang='lat' dir='ltr'><strong>po-</strong></span> 
     </span>
     <span class='ocr_line' id='line_1_23' title="bbox 277 2423 2115 2506; baseline -0.001 -19"><span class='ocrx_word' id='word_1_158' title='bbox 277 2425 565 2487; x_wconf 89' lang='lat' dir='ltr'><strong>tissimum</strong></span> <span class='ocrx_word' id='word_1_159' title='bbox 615 2423 960 2486; x_wconf 84' lang='lat' dir='ltr'><strong>comoediae</strong></span> <span class='ocrx_word' id='word_1_160' title='bbox 1016 2431 1295 2487; x_wconf 81' lang='lat' dir='ltr'><strong>auctores</strong></span> <span class='ocrx_word' id='word_1_161' title='bbox 1353 2425 1755 2506; x_wconf 86' lang='lat' dir='ltr'><strong>Phrynichum</strong></span> <span class='ocrx_word' id='word_1_162' title='bbox 1811 2429 2115 2505; x_wconf 89' lang='lat' dir='ltr'><strong>sequutum</strong></span> 
     </span>
     <span class='ocr_line' id='line_1_24' title="bbox 274 2525 2115 2609; baseline -0.003 -19"><span class='ocrx_word' id='word_1_163' title='bbox 274 2547 419 2590; x_wconf 86' lang='lat' dir='ltr'><strong>esse</strong></span> <span class='ocrx_word' id='word_1_164' title='bbox 462 2547 543 2589; x_wconf 87' lang='lat' dir='ltr'><strong>ex</strong></span> <span class='ocrx_word' id='word_1_165' title='bbox 585 2526 781 2587; x_wconf 87' lang='lat' dir='ltr'><strong>Photii</strong></span> <span class='ocrx_word' id='word_1_166' title='bbox 822 2526 1150 2603; x_wconf 83' lang='lat' dir='ltr'><strong>(Bibl.158</strong></span> <span class='ocrx_word' id='word_1_167' title='bbox 1186 2548 1244 2609; x_wconf 91' lang='lat' dir='ltr'><strong>p.</strong></span> <span class='ocrx_word' id='word_1_168' title='bbox 1267 2525 1391 2587; x_wconf 86' lang='lat'><strong>101</strong></span> <span class='ocrx_word' id='word_1_169' title='bbox 1435 2528 1668 2605; x_wconf 85' lang='lat' dir='ltr'><strong>Bekk.)</strong></span> <span class='ocrx_word' id='word_1_170' title='bbox 1714 2527 1790 2588; x_wconf 87' lang='lat' dir='ltr'><strong>de</strong></span> <span class='ocrx_word' id='word_1_171' title='bbox 1831 2531 2115 2607; x_wconf 88' lang='lat' dir='ltr'><strong>apparatu</strong></span> 
     </span>
     <span class='ocr_line' id='line_1_25' title="bbox 274 2627 2112 2712; baseline -0.001 -21"><span class='ocrx_word' id='word_1_172' title='bbox 274 2629 605 2712; x_wconf 85' lang='lat' dir='ltr'><strong>sophistico</strong></span> <span class='ocrx_word' id='word_1_173' title='bbox 650 2627 938 2690; x_wconf 87' lang='lat' dir='ltr'><strong>relatione</strong></span> <span class='ocrx_word' id='word_1_174' title='bbox 980 2628 1363 2710; x_wconf 88' lang='lat' dir='ltr'><strong>intellegitur.</strong></span> <span class='ocrx_word' id='word_1_175' title='bbox 1444 2629 1705 2711; x_wconf 83' lang='lat' dir='ltr'><strong>Egregii</strong></span> <span class='ocrx_word' id='word_1_176' title='bbox 1746 2628 1918 2689; x_wconf 89' lang='lat' dir='ltr'><strong>huius</strong></span> <span class='ocrx_word' id='word_1_177' title='bbox 1962 2647 2112 2710; x_wconf 92' lang='lat' dir='ltr'><strong>ope-</strong></span> 
     </span>
     <span class='ocr_line' id='line_1_26' title="bbox 274 2729 2110 2813; baseline 0.001 -24"><span class='ocrx_word' id='word_1_178' title='bbox 274 2731 392 2807; x_wconf 87' lang='lat' dir='ltr'><strong>ris,</strong></span> <span class='ocrx_word' id='word_1_179' title='bbox 451 2749 565 2792; x_wconf 90' lang='lat' dir='ltr'><strong>sex</strong></span> <span class='ocrx_word' id='word_1_180' title='bbox 609 2736 670 2792; x_wconf 88' lang='lat' dir='ltr'><strong>et</strong></span> <span class='ocrx_word' id='word_1_181' title='bbox 711 2730 955 2812; x_wconf 83' lang='lat' dir='ltr'><strong>triginta</strong></span> <span class='ocrx_word' id='word_1_182' title='bbox 995 2730 1266 2791; x_wconf 87' lang='lat' dir='ltr'><strong>mininum</strong></span> <span class='ocrx_word' id='word_1_183' title='bbox 1307 2731 1491 2795; x_wconf 90' lang='lat' dir='ltr'><strong>libros</strong></span> <span class='ocrx_word' id='word_1_184' title='bbox 1536 2729 1868 2813; x_wconf 84' lang='lat' dir='ltr'><strong>complexi,</strong></span> <span class='ocrx_word' id='word_1_185' title='bbox 1923 2729 2110 2791; x_wconf 88' lang='lat' dir='ltr'><strong>vehe-</strong></span> 
     </span>
    </p>
   </div>
   <div class='ocr_carea' id='block_1_3' title="bbox 269 2831 2110 3016">
    <p class='ocr_par' dir='ltr' id='par_1_3' title="bbox 269 2831 2202 3018">
     <span class='ocr_line' id='line_1_27' title="bbox 272 2831 2110 2907; baseline -0.001 -15"><span class='ocrx_word' id='word_1_186' title='bbox 272 2838 497 2894; x_wconf 84' lang='lat' dir='ltr'><strong>menter</strong></span> <span class='ocrx_word' id='word_1_187' title='bbox 561 2831 875 2907; x_wconf 89' lang='lat' dir='ltr'><strong>dolendum</strong></span> <span class='ocrx_word' id='word_1_188' title='bbox 941 2840 1038 2894; x_wconf 84' lang='lat' dir='ltr'><strong>est</strong></span> <span class='ocrx_word' id='word_1_189' title='bbox 1095 2833 1240 2893; x_wconf 87' lang='lat' dir='ltr'><strong>nihil</strong></span> <span class='ocrx_word' id='word_1_190' title='bbox 1298 2833 1411 2895; x_wconf 87' lang='lat' dir='ltr'><strong>nisi</strong></span> <span class='ocrx_word' id='word_1_191' title='bbox 1473 2838 1703 2894; x_wconf 86' lang='lat' dir='ltr'><strong>tenuem</strong></span> <span class='ocrx_word' id='word_1_192' title='bbox 1771 2836 1831 2890; x_wconf 89' lang='lat' dir='ltr'><strong>et</strong></span> <span class='ocrx_word' id='word_1_193' title='bbox 1894 2831 2110 2891; x_wconf 88' lang='lat' dir='ltr'><strong>exilem</strong></span> 
     </span>
     <span class='ocr_line' id='line_1_28' title="bbox 269 2930 2108 3016; baseline -0.001 -23"><span class='ocrx_word' id='word_1_194' title='bbox 269 2933 561 3015; x_wconf 90' lang='lat' dir='ltr'><strong>epitomen</strong></span> <span class='ocrx_word' id='word_1_195' title='bbox 605 2932 680 2994; x_wconf 90' lang='lat' dir='ltr'><strong>ad</strong></span> <span class='ocrx_word' id='word_1_196' title='bbox 726 2954 837 2995; x_wconf 90' lang='lat' dir='ltr'><strong>nos</strong></span> <span class='ocrx_word' id='word_1_197' title='bbox 873 2933 1246 3016; x_wconf 89' lang='lat' dir='ltr'><strong>pervenisse.</strong></span> <span class='ocrx_word' id='word_1_198' title='bbox 1331 2931 1418 2995; x_wconf 81' lang='lat' dir='ltr'><strong>At</strong></span> <span class='ocrx_word' id='word_1_199' title='bbox 1460 2935 1664 2996; x_wconf 84' lang='lat' dir='ltr'><strong>bonam</strong></span> <span class='ocrx_word' id='word_1_200' title='bbox 1707 2930 1839 2991; x_wconf 90' lang='lat' dir='ltr'><strong>libri</strong></span> <span class='ocrx_word' id='word_1_201' title='bbox 1884 2938 2108 3012; x_wconf 88' lang='lat' dir='ltr'><strong>partem</strong></span> 
     </span>
    </p>
   </div>
   <div class='ocr_carea' id='block_1_4' title="bbox 268 3029 2101 3115">
    <p class='ocr_par' dir='ltr' id='par_1_4' title="bbox 268 3029 2101 3115">
     <span class='ocr_line' id='line_1_29' title="bbox 268 3029 2101 3115; baseline -0.001 -20"><span class='ocrx_word' id='word_1_202' title='bbox 268 3054 400 3095; x_wconf 90' lang='lat' dir='ltr'><strong>cum</strong></span> <span class='ocrx_word' id='word_1_203' title='bbox 431 3055 509 3097; x_wconf 89' lang='lat' dir='ltr'><strong>ex</strong></span> <span class='ocrx_word' id='word_1_204' title='bbox 544 3034 678 3095; x_wconf 83' lang='lat' dir='ltr'><strong>aliis</strong></span> <span class='ocrx_word' id='word_1_205' title='bbox 702 3036 1100 3115; x_wconf 82' lang='lat' dir='ltr'><strong>grammaticis</strong></span> <span class='ocrx_word' id='word_1_206' title='bbox 1126 3043 1246 3097; x_wconf 87' lang='lat' dir='ltr'><strong>tum</strong></span> <span class='ocrx_word' id='word_1_207' title='bbox 1281 3029 1424 3097; x_wconf 88' lang='lat' dir='ltr'><strong>vero</strong></span> <span class='ocrx_word' id='word_1_208' title='bbox 1461 3054 1496 3094; x_wconf 95' lang='lat' dir='ltr'><strong>e</strong></span> <span class='ocrx_word' id='word_1_209' title='bbox 1527 3032 1741 3093; x_wconf 88' lang='lat' dir='ltr'><strong>lexicis</strong></span> <span class='ocrx_word' id='word_1_210' title='bbox 1768 3031 2101 3112; x_wconf 85' lang='lat' dir='ltr'><strong>Segueria-</strong></span> 
     </span>
    </p>
   </div>
   <div class='ocr_carea' id='block_1_5' title="bbox 263 3133 2191 3319">
    <p class='ocr_par' dir='ltr' id='par_1_5' title="bbox 263 3133 2191 3319">
     <span class='ocr_line' id='line_1_30' title="bbox 268 3133 2191 3217; baseline -0.001 -23"><span class='ocrx_word' id='word_1_211' title='bbox 268 3134 364 3197; x_wconf 86' lang='lat' dir='ltr'><strong>nis</strong></span> <span class='ocrx_word' id='word_1_212' title='bbox 403 3136 815 3215; x_wconf 86' lang='lat' dir='ltr'><strong>redintegrare</strong></span> <span class='ocrx_word' id='word_1_213' title='bbox 855 3137 1018 3214; x_wconf 87' lang='lat' dir='ltr'><strong>licet,</strong></span> <span class='ocrx_word' id='word_1_214' title='bbox 1052 3138 1113 3199; x_wconf 90' lang='lat' dir='ltr'><strong>in</strong></span> <span class='ocrx_word' id='word_1_215' title='bbox 1159 3157 1308 3217; x_wconf 90' lang='lat' dir='ltr'><strong>quae</strong></span> <span class='ocrx_word' id='word_1_216' title='bbox 1352 3156 1467 3197; x_wconf 90' lang='lat' dir='ltr'><strong>non</strong></span> <span class='ocrx_word' id='word_1_217' title='bbox 1511 3133 1789 3214; x_wconf 86' lang='lat' dir='ltr'><strong>exiguam</strong></span> <span class='ocrx_word' id='word_1_218' title='bbox 1840 3134 2103 3195; x_wconf 86' lang='lat' dir='ltr'><strong>thesauri</strong></span> <span class='ocrx_word' id='word_1_219' title='bbox 2189 3200 2191 3203; x_wconf 13' lang='lat' dir='ltr'>v</span> 
     </span>
     <span class='ocr_line' id='line_1_31' title="bbox 263 3224 2189 3319; baseline 0 -24"><span class='ocrx_word' id='word_1_220' title='bbox 263 3235 426 3298; x_wconf 88' lang='lat' dir='ltr'><strong>illius</strong></span> <span class='ocrx_word' id='word_1_221' title='bbox 497 3230 722 3314; x_wconf 85' lang='lat' dir='ltr'><strong>partem</strong></span> <span class='ocrx_word' id='word_1_222' title='bbox 789 3243 1089 3319; x_wconf 89' lang='lat' dir='ltr'><strong>receptam</strong></span> <span class='ocrx_word' id='word_1_223' title='bbox 1159 3257 1302 3299; x_wconf 88' lang='lat' dir='ltr'><strong>esse</strong></span> <span class='ocrx_word' id='word_1_224' title='bbox 1364 3236 1521 3296; x_wconf 86' lang='lat' dir='ltr'><strong>haud</strong></span> <span class='ocrx_word' id='word_1_225' title='bbox 1576 3243 1799 3298; x_wconf 90' lang='lat' dir='ltr'><strong>temere</strong></span> <span class='ocrx_word' id='word_1_226' title='bbox 1863 3236 2100 3297; x_wconf 83' lang='lat' dir='ltr'><strong>affirmo.</strong></span> <span class='ocrx_word' id='word_1_227' title='bbox 2188 3224 2189 3251; x_wconf 72' lang='lat'><em>³</em></span> 
     </span>
    </p>
   </div>
   <div class='ocr_carea' id='block_1_6' title="bbox 258 3337 2099 3420">
    <p class='ocr_par' dir='ltr' id='par_1_6' title="bbox 258 3337 2099 3420">
     <span class='ocr_line' id='line_1_32' title="bbox 258 3337 2099 3420; baseline -0.001 -21"><span class='ocrx_word' id='word_1_228' title='bbox 258 3337 476 3418; x_wconf 90' lang='lat' dir='ltr'><strong>Neque</strong></span> <span class='ocrx_word' id='word_1_229' title='bbox 518 3339 761 3401; x_wconf 87' lang='lat' dir='ltr'><strong>difficile</strong></span> <span class='ocrx_word' id='word_1_230' title='bbox 803 3347 901 3400; x_wconf 88' lang='lat' dir='ltr'><strong>est</strong></span> <span class='ocrx_word' id='word_1_231' title='bbox 943 3339 1305 3419; x_wconf 85' lang='lat' dir='ltr'><strong>dignoscere</strong></span> <span class='ocrx_word' id='word_1_232' title='bbox 1332 3337 1698 3420; x_wconf 85' lang='lat' dir='ltr'><strong>Phrynichia</strong></span> <span class='ocrx_word' id='word_1_233' title='bbox 1727 3339 1799 3400; x_wconf 87' lang='lat' dir='ltr'><strong>ab</strong></span> <span class='ocrx_word' id='word_1_234' title='bbox 1840 3337 1913 3400; x_wconf 86' lang='lat' dir='ltr'><strong>iis</strong></span> <span class='ocrx_word' id='word_1_235' title='bbox 1948 3357 2099 3416; x_wconf 88' lang='lat' dir='ltr'><strong>quae</strong></span> 
     </span>
    </p>
   </div>
   <div class='ocr_carea' id='block_1_7' title="bbox 2173 2912 2202 3918">
    <p class='ocr_par' dir='ltr' id='par_1_7' title="bbox 2173 2912 2202 3918">
     <span class='ocr_line' id='line_1_33' title="bbox 2173 2912 2202 3918; baseline 0 0"><span class='ocrx_word' id='word_1_236' title='bbox 2173 2912 2202 3918; x_wconf 95' lang='lat' dir='ltr'><strong> </strong></span> 
     </span>
    </p>
   </div>
  </div>
 </body>
</html>
