2202 3918
305 227 411 281 754
1038 221 1418 276 MENANDRI

1190 364 1276 416 lV.

308 458 434 510 Meo
474 471 599 524 agro
637 456 907 507 iustiorem
945 468 1097 505 nemo
1138 457 1219 503 est
1255 452 1342 518 qui
1380 452 1545 504 colatz

305 562 423 597 nam
461 545 624 596 flores
661 543 865 611 profert
901 546 1143 606 tanquam
1183 540 1451 592 caelitibus
1488 540 1604 604 diis,

305 634 615 699 laurumque
650 636 704 684 et
740 630 1020 682 hederam=
1060 629 1200 695 quod
1236 630 1282 681 si
1316 630 1555 682 insevere
1592 629 1865 692 hordeum,

305 720 626 773 tantumdem
664 724 844 772 exacte
880 717 1054 769 reddit
1091 723 1338 784 quantum
1375 723 1665 786 acceperat.

1190 825 1284 877 V1.

303 914 502 967 Mentis
540 929 597 965 es
636 918 807 965 motae
844 918 898 965 et
932 913 1199 976 ridicuius‚
1236 913 1324 980 qui
1362 928 1520 980 quum
1558 913 1832 980 ingenuam
1864 912 2115 981 virginem

305 1002 541 1070 coeperis
576 1001 835 1064 adamare,
871 1002 1059 1055 tacitus
1096 1003 1219 1078 istas
1256 1004 1449 1070 pateris
1486 1003 1689 1072 nuptias

304 1090 476 1144 irritas
514 1090 606 1142 tibi
645 1089 833 1156 parari.

857 1275 1615 1331 ΛΑΚΤΥΛΙΟΣ.

1217 1387 1258 1438 1.

304 1474 435 1527 Dein
473 1474 615 1526 hun'c
648 1473 893 1527 locutu’st
928 1475 980 1525 in
1019 1474 1225 1526 modum
1266 1476 1602 1539 miserrimus,

305 1569 362 1615 ut
399 1564 656 1615 collocare
694 1568 898 1631 gnatam
938 1564 991 1614 in
1029 1565 1409 1616 matrimonium

305 1659 565 1721 gravetur,
603 1652 967 1720 quinquaginta
1006 1668 1163 1719 quum
1202 1654 1391 1705 habeat
1427 1655 1579 1707 filias.

1207 1760 1274 1811 11.

664 1846 911 1898 Maritum
951 1861 1106 1898 succo
1145 1831 1402 1899 viventem
1442 1863 1557 1908 suo,

304 1937 431 1988 nihii
471 1935 792 2003 indigentem
832 1933 966 1986 dotis
1004 1950 1127 1987 ecce
1163 1937 1466 1987 invenimus.

1183 2041 1276 2093 ΙΙΙ.

303 2131 494 2182 Natum
528 2135 606 2182 est
643 2130 1072 2182 subventaneum.

778 2353 1680 2411 ΔΕΙΣΙΔΑΙΜΩΝ.

1212 2472 1252 2521 1·.

305 2556 349 2607 Ο
389 2555 591 2620 Phidia,
630 2574 754 2610 vero
793 2560 836 2610 si
873 2558 1137 2610 laborares
1174 2560 1329 2621 maio,

302 2644 543 2696 nimirum
581 2662 704 2697 vero
746 2662 877 2714 opus
915 2652 1055 2698 esset
1092 2653 1150 2697 et
1180 2647 1550 2699 medicamine-2

300 2747 437 2784 nunc
472 2733 527 2783 id
566 2750 724 2800 quum
761 2751 864 2786 non
901 2735 994 2797 sit,
1022 2735 1175 2787 inane
1213 2736 1646 2788 medicamentum
1685 2735 1848 2788 habes

297 2820 363 2871 ad
401 2822 638 2873 morbum
674 2822 908 2875 inanem:
947 2830 1003 2875 tu
1041 2825 1133 2875 tibi
1170 2825 1326 2877 credie
1363 2826 1416 2875 id
1455 2824 1687 2892 profore.

297 2924 424 2975 ergo
464 2915 519 2960 te
557 2911 858 2978 abstergant
894 2911 1239 2978 undequaque
1276 2913 1551 2976 mulieres,

297 3002 350 3046 et
387 2998 611 3049 lustrent
648 3000 929 3066 sulphure3
965 3001 1088 3052 inde
1125 3002 1290 3052 tribu?v
1318 3003 1391 3053 de
1421 3001 1670 3064 fontibus,

294 3099 425 3150 aqua
461 3086 794 3151 perfundant,
825 3090 936 3140 sale
974 3091 1226 3156 permixta
1264 3096 1315 3139 et
1350 3091 1594 3141 lentibus.

1194 3196 1259 3246 11.

289 3279 351 3328 A.
392 3278 535 3329 Bene
570 3279 673 3331 hoc
711 3283 836 3332 mihi
873 3284 1159 3349 proveniat,
1200 3301 1230 3335 o
1269 3286 1440 3335 sancti
1470 3284 1572 3346 dei,

290 3366 428 3430 quod
464 3367 600 3418 inter
637 3371 967 3422 calceandum
1008 3373 1171 3424 dextri
1212 3373 1370 3424 calcei

288 3452 530 3504 vinclum
574 3456 839 3524 diruptum
878 3465 982 3510 est.v
1048 3462 1108 3512 B.
1148 3462 1250 3512 Par
1285 3467 1412 3524 erat,
1450 3462 1825 3529 nugacissima
