2202 3918
819 128 1255 195 ‘voslun-rus,
1860 146 1966 198 sn

114 306 248 358 quae
282 286 585 340 deliciarum
623 285 800 337 nescio
836 284 963 350 quid
998 282 1228 350 appetit:

113 380 201 430 hic
235 376 423 429 nimius
461 375 586 426 salis
620 379 718 436 est,
754 373 840 424 hic
876 371 1030 432 aceti,
1067 376 1232 431 ustor,
1271 383 1453 423 vorax:

0 503 3 522 ι
113 466 398 518 intolerans
434 462 566 514 fumi
602 463 705 525 hic,
727 462 878 528 -ignis
913 460 1037 510 ille:
1075 459 1148 508 ibi
1176 457 1328 508 villico

0 535 3 584 ἶ
116 554 182 605 ab
219 553 343 620 igue
378 553 444 603 ad
479 553 678 603 cultros
712 550 943 601 ventum.
1018 547 1107 598 hic
1143 562 1279 598 unus
1317 547 1543 598 omnium

115 658 180 694 ex
219 640 406 693 mediis
443 641 623 693 cultris
659 654 779 691 sese
813 637 886 690 ad·
915 637 1092 703 iguem
1130 634 1382 702 prorpuit.

621 807 1472 867 EPMAmP-OAJDOS.
1526 847 1544 856 ..

122 923 459 989 quantumvis
493 924 696 989 inopes,
733 923 871 973 filios
910 922 1102 971 tollunt
1139 926 1341 971 tamen:

122 1019 177 1062 at
214 1012 348 1063 filias
387 1018 652 1078 exponunt
694 1011 848 1062 etiam
887 1009 1089 1059 divites.

648 1170 1393 1250 *ema-2114.

128 1308 255 1360 Fuit
290 1312 411 1359 ante
448 1307 551 1358 hoc
586 1322 770 1358 aevum
809 1310 1044 1358 nostrum
1084 1305 1407 1372 nobilissime

128 1397 458 1448 meretricum
501 1395 710 1461 Phryne
749 1395 831 1459 (tu
874 1410 1082 1461 quoque
1119 1383 1437 1465 quamquam*
1468 1411 1525 1455 es
1564 1386 1734 1448 iunior

131 1486 454 1553 temporibus
490 1484 619 1542 istis,
662 1489 787 1550 puto
825 1471 972 1535 litem
1009 1484 1359 1547 intellexeris)

133 1574 266 1624 haec
300 1573 499 1624 iudices
538 1572 605 1622 de
644 1574 813 1640 capite
850 1560 1035 1624 sortita
1073 1577 1155 1624 est
1192 1588 1289 1624 suo

130 1667 371 1726 tanquam
410 1662 698 1712 communis
738 1662 875 1712 vitae
911 1663 1074 1729 pestis
1113 1661 1385 1733 maximat*

127 1749 450 1815 multumque
486 1765 738 1815 prensans
776 1751 1009 1817 singulos
1047 1767 1165 1802 cum
1203 1751 1484 1818 lachrymis

129 1837 211 1889 vix
248 1854 278 1889 a
314 1854 372 1890 se
410 1844 695 1889 extremum
734 1839 936 1907 depulit
972 1821 1280 1906 periculum.

708 2010 1439 2073 MYPMHJ.

1051 2107 1089 2159 l.

138 2190 249 2242 Res
286 2191 423 2242 inter
460 2209 641 2245 omnes
679 2211 805 2262 quas
843 2195 982 2247 Deos
1021 2198 1350 2264 exposcimus

138 2280 309 2332 locum
346 2289 578 2334 meretur
616 2285 904 2354 principem
941 2286 1321 2339 immortalitas.

746 2445 1405 2507 OMOJOJ.

136 2555 368 2609 Difficile
406 2562 485 2608 est
521 2557 719 2610 luctum
757 2557 959 2626 fugere.
1035 2579 1152 2614 nam
1193 2568 1320 2629 quot
1356 2566 1478 2613 sunt
1516 2563 1629 2614 dies

140 2646 407 2697 materiam
447 2646 657 2713 pariunt
694 2662 902 2716 semper
940 2650 1005 2702 ad
1043 2651 1244 2705 luctum
1281 2668 1484 2704 novam.

584 2821 1561 2878 ΙΙΟΡΝΟΒΟΣΚΟΣ.

159 2928 260 2994 Qui
296 2945 438 2981 mare
476 2946 577 2982 non
617 2933 795 2995 sensit,
835 2934 999 2985 nescit
1035 2936 1081 2986 is
1118 2936 1239 3002 quid
1278 2936 1345 2987 sit
1381 2935 1592 2999 malum,

151 3031 267 3068 nam
306 3031 402 3070 nos
437 3018 643 3071 miseria
681 3021 998 3088 gladiatores
1037 3023 1307 3076 vincimus.

649 3195 1500 3254 ΧΟΡΕΥΟΥΣΑΙ.

148 3299 413 3365 Discipulo
453 3298 624 3355 Leuco
664 3310 719 3356 et
755 3308 1093 3359 comministri
1131 3311 1345 3372 caeteri,

146 3388 398 3456 (namque
436 3388 501 3441 ad
537 3392 792 3461 colloquia
830 3395 898 3447 de
934 3402 1047 3448 arte
1085 3398 1258 3451 nullus
1295 3403 1374 3452 eat
1412 3398 1558 3451 locus
