2202 3918
203 185 372 239 ΕΓΚ
374 182 488 237 ΑΛ
494 180 601 236 ΥΠ
606 178 883 235 ΤΟΜΕΝ
892 177 1004 234 ΟΣ.
1075 178 1306 233 ΕΠΙΔΙ
1303 181 1468 234 ΚΑΖ
1472 180 1698 236 ΟΜΕΝ
1702 179 1812 236 ΟΣ.
1849 186 1956 238 463

104 327 318 397 p.1585
354 329 440 380 01.
480 352 545 365 —
583 326 673 379 Vs.
696 326 765 376 89
803 318 1102 395 ἀδηφάγον
1138 325 1289 378 Aac,
1328 317 1662 392 ἆδδηςοάγον
1699 325 1851 379 PVL.
1886 359 1955 369 —-

105 417 198 471 Vs.
235 417 300 468 41
352 401 387 487 ᾖ
425 414 757 467 Dindorfius:
804 415 924 466 libri
961 399 1047 477 ἦν.
1122 415 1267 466 ldem
1305 429 1444 466 nunc
1481 414 1635 466 etiam
1674 414 1956 478 Dobraeus‚

105 503 376 572 ingeniose
414 503 699 555 coniiciens
733 492 872 553 ὅταν
908 499 1066 570 ἐγγύς
1102 487 1136 574 ᾖ
1174 496 1229 552 δ’
1271 494 1301 551 ὁ
1340 494 1577 568 σταυρὸς
1625 495 1806 569 ἀρτύω
1844 520 1957 570 φα-

104 586 222 653 κῆν,
260 575 565 659 comparans
603 608 665 643 ex
701 591 931 644 Swiftio:
981 592 1130 644 when
1161 607 1268 659 you
1305 608 1398 643 are
1430 591 1598 658 going
1635 595 1692 639 to
1727 590 1787 642 be
1823 591 1954 642 Ιιαπ-

105 680 227 750 ged.
304 682 451 746 Quae
489 695 611 731 vera
648 688 745 741 est,
783 681 827 731 si
865 680 987 746 quid
1024 679 1217 742 iudico,
1254 679 1565 731 emendatio.
1631 678 1958 730 Sententiam

107 773 253 819 certe
287 773 432 819 recte
469 768 672 834 cepisse
707 768 1002 819 Dobrseum
1041 784 1265 833 sequens
1303 782 1484 818 versus
1522 765 1711 828 docet,
1763 766 1817 816 in
1856 782 1957 832 quo

106 861 343 924 apertum
377 860 457 906 est
491 851 841 921 περίδειπνον
878 873 981 907 non
1005 855 1072 907 de
1097 856 1360 907 silicernio
1386 854 1597 922 proprie
1636 854 1711 905 sic
1748 853 1886 904 dicto
1909 855 1959 918 ²⁶)

106 928 343 1011 intellegi
381 959 536 1009 posse
573 944 676 1006 (eo
718 949 872 1010 pacto
910 943 1047 994 enim
1085 944 1253 994 aliena
1289 959 1319 994 a
1357 942 1576 994 consilio
1613 947 1804 1009 poetae
1840 959 1960 993 sen-

109 1031 274 1083 tentia
308 1029 646 1095 inferretur),
682 1031 776 1082 sed
814 1032 880 1082 de
918 1036 1182 1098 postremo
1222 1035 1342 1082 ante
1379 1035 1600 1082 mortem
1639 1031 1794 1097 epulo
1834 1030 1962 1080 dici-

102 1123 209 1182 tur‚
259 1118 403 1186 quod
439 1119 604 1171 nostri
637 1118 816 1171 dicere
852 1119 1025 1171 solent
1061 1119 1151 1170 die
1187 1118 1701 1171 Henlcersmahlzeit.
1778 1118 1961 1169 Delevi

101 1208 262 1277 igitur
297 1209 504 1275 plenam
539 1208 594 1259 iu
631 1224 812 1260 versus
847 1210 953 1260 fine
988 1208 1478 1276 interpunctionem.
1518 1239 1587 1247 —
1625 1209 1714 1261 Vs.
1750 1206 1821 1257 44
1858 1221 1963 1255 νω-

104 1289 357 1364 θρότερα
395 1296 660 1364 Toupius:
696 1296 817 1348 libri
854 1290 1212 1365 νωθρότατα.
1262 1327 1329 1339 —
1387 1298 1473 1350 Vs.
1512 1294 1582 1347 45
1619 1297 1739 1347 libri
1776 1311 1961 1363 παρα-

104 1379 315 1450 τίθημι
351 1377 549 1435 σι’ναπι
588 1378 818 1445 τούτοις.
894 1386 1233 1438 Cassubonus
1281 1379 1478 1434 σι’ναπι
1523 1379 1740 1444 τούτοις
1775 1400 1964 1452 παρα-

105 1467 333 1539 τίθημι.
423 1475 591 1539 Quem
643 1479 894 1540 sequutus
931 1479 1011 1525 est
1050 1473 1382 1537 Dindorfius3
1431 1466 1648 1534 τούτοις
1699 1489 1794 1525 cur
1842 1474 1961 1524 loco

105 1555 202 1613 suo
246 1566 517 1612 moveatur
563 1562 693 1613 nihil
743 1578 956 1614 caussae
1002 1562 1172 1613 video.
1259 1561 1364 1610 Pro
1417 1558 1615 1611 σίναπι
1661 1562 1962 1613 Dindorfius

105 1643 331 1701 σίναπυ.
369 1676 436 1685 -
479 1649 566 1702 Vs.
593 1650 662 1699 46
697 1650 831 1700 male
869 1649 1027 1716 vulgo
1066 1648 1401 1715 distinguitur
1439 1646 1728 1716 ἐχομένους
1765 1643 1963 1716 δριμύ-

106 1753 270 1800 τητος
306 1731 409 1797 τὴν
444 1732 634 1808 φύσιν.
709 1738 864 1805 Quod
899 1755 967 1789 ne
1003 1752 1249 1804 graecum
1289 1737 1497 1802 quidem
1537 1743 1633 1790 est.
1707 1738 1964 1790 Coniunxi

106 1830 265 1899 igitur
300 1825 402 1891 τήν
438 1821 613 1898 φύσιν
648 1844 767 1880 cum
805 1827 1161 1894 sequentibus.
1219 1857 1289 1867 —--
1345 1827 1435 1879 Vs,
1474 1827 1545 1877 47
1583 1827 1762 1877 malim
1801 1841 1962 1876 πνευ·

104 1915 314 1987 ματιῶ,
362 1926 425 1970 ut
469 1919 710 1970 excitata
753 1934 936 1969 senum
990 1920 1189 1967 natura
1238 1932 1414 1967 aerem
1451 1916 1753 1985 corporibus
1791 1915 1959 1967 inclu-

107 2024 222 2059 sum
265 2008 531 2058 suscitem.
624 2007 685 2057 ld
735 2007 872 2057 enim
909 2006 1012 2056 hoc
1047 2005 1164 2056 loco
1203 2005 1462 2073 significat
1499 2000 1623 2073 ἀήρ.
1698 2005 1792 2057 Cfr
1829 2006 1964 2056 Ero-

110 2098 281 2148 tianus
325 2096 486 2162 gloss.
533 2095 788 2161 Hippocr.
839 2112 890 2161 p.
930 2095 1029 2144 6⁰:
1081 2086 1190 2160 ἀὴρ
1244 2124 1311 2134 -
1357 2092 1451 2143 καὶ
1501 2089 1565 2143 τὸ
1618 2089 1677 2142 ἐν
1723 2086 1856 2159 ἡμῖν
1906 2090 1965 2142 δὲ

0 2222 5 2252 ÷
109 2181 343 2250 πνεῦμα.
389 2180 484 2233 καὶ
521 2176 555 2244 ἡ
596 2175 675 2232 δι’
717 2179 878 2250 ἕδρας
915 2175 1167 2244 δυσώδης
1205 2173 1364 2242 πνοή.
1416 2182 1498 2234 Ad
1536 2182 1844 2234 sententiam
1884 2181 1965 2231 cfr

6 2308 7 2313 =
110 2275 465 2327 Dsmoxenum
500 2271 675 2339 Syutr.
713 2273 801 2324 28.
839 2300 910 2311 —-
949 2272 1037 2325 Vs.
1075 2272 1146 2323 48
1183 2256 1251 2318 οὗ
1289 2271 1553 2337 Toupius=
1590 2272 1708 2323 libri
1745 2262 1811 2322 εἰ.

594 2533 1061 2589 ΕΠΙΔΙΚΑΖ
1082 2533 1340 2588 ΟΜΕΝ
1360 2534 1483 2590 ΟΣ.

353 2673 495 2731 Ἐάν
528 2696 596 2749 με
632 2674 784 2752 κινῇς
821 2676 916 2730 καὶ
951 2672 1186 2750 ποιήσῃς
1223 2675 1326 2743 τὴν
1357 2675 1531 2749 χολήν

354 2777 587 2838 ἅπασαν
622 2777 808 2855 ὥσπερ
844 2779 1229 2853 καλλιιυνύμου
1264 2783 1431 2851 ζέσαι,

358 2889 491 2963 ὄψει
529 2887 853 2962 ὃιαιρέροντ’
895 2886 1022 2944 οὐδὲ
1057 2886 1119 2944 ἓν
1155 2889 1346 2964 ξιφίου
1380 2888 1558 2956 κυνός.

0 3039 33 3054 ,η
246 3002 494 3056 Aelianus
532 3002 605 3053 Η.
641 3001 703 3052 A.
741 2999 866 3053 Xlll
915 3001 951 3052 4
1000 3002 1068 3052 de
1117 3003 1428 3069 callionymo
1477 3002 1651 3070 pisce:
1717 2996 1804 3051 ἐπὶ
1863 2998 1964 3051 τοῦ

0 3096 6 3141 ,j
106 3087 279 3158 λοβοῦ
339 3087 438 3141 τοῦ
502 3085 684 3152 δεξιοῦ
734 3087 1069 3157 καθημένην
1126 3086 1232 3158 ἔχει
1274 3088 1448 3159 χολὴν
1490 3084 1702 3152 πολλήν
1748 3118 1819 3128 --
1866 3087 1963 3140 καὶ

105 3181 373 3250 μαρτυρεῖ
416 3173 632 3239 τούτοις
678 3177 774 3230 καὶ
828 3173 860 3231 ὁ
898 3177 1230 3249 Μένανδρος
1278 3211 1346 3222 —
1382 3179 1479 3231 καὶ
1520 3173 1868 3243 Ἀνάξιππος
1904 3177 1963 3228 ι-’ν

13 3408 15 3410 ,
223 3367 265 3414 Ἷ
296 3366 344 3409 ln
376 3380 460 3422 quo
493 3366 687 3422 parando
716 3371 855 3411 artem
897 3377 1018 3409 suam
1060 3364 1259 3423 impense
1301 3364 1434 3410 iactat
1461 3377 1624 3420 coquus
1655 3361 1770 3420 apud
1803 3362 1961 3415 Hege-

52 3456 55 3476 ι
106 3435 272 3497 sippnm
303 3441 446 3486 Fratr.
483 3444 530 3485 ll
567 3456 633 3498 sq.
1439 3445 1443 3450 ·
