2202 3918
272 257 378 310 85⁰
1007 257 1380 313 NICOLAUS.

810 398 902 450 Ex
948 399 1014 451 IN
1025 400 1263 453 GERTA
1303 403 1599 457 FABULA.

279 507 558 559 Hominem
598 492 852 556 Boeotum
891 506 1104 572 diligas:
1145 509 1414 560 Boeotiam

281 613 360 647 nev
386 596 582 662 fugias:
621 595 707 645 hic
747 596 960 659 utibilis,
999 596 1088 646 illa
1125 600 1375 650 amabilis.

1372 778 1513 785 -.-.-..

753 902 1671 986 NIOOLAUS.

283 1038 636 1092 Professionis
673 1038 815 1089 natio
855 1038 1126 1104 parasitica

281 1145 404 1180 suae
440 1127 602 1177 habet
638 1133 902 1176 auctorem
942 1128 1063 1176 love
1102 1135 1412 1192 prognatum
1453 1131 1749 1193 Tantalum,

282 1233 464 1269 verum
502 1216 546 1266 is
584 1229 702 1264 cum
742 1214 877 1263 male
917 1214 1135 1263 calleret
1173 1222 1336 1264 artem
1379 1220 1675 1281 exercitam,

282 1304 595 1371 supplicium
636 1317 817 1369 passus
855 1302 1052 1368 grande
1091 1305 1300 1370 linguae
1336 1304 1520 1368 futilis,

281 1395 332 1444 in
374 1392 648 1443 esurialem
687 1392 866 1440 sedem
906 1391 1147 1443 detrusus
1186 1395 1345 1443 miser

281 1483 586 1533 felicitatem
623 1496 834 1530 mensae
871 1478 1053 1531 herilis
1093 1483 1351 1547 perdidit:

280 1574 353 1622 ita
390 1573 523 1622 ictus
559 1571 728 1636 ipsum
767 1564 959 1618 ventris
997 1571 1049 1620 in
1089 1571 1450 1635 meditullium,

282 1677 489 1712 sursum
527 1675 586 1709 ac
625 1658 864 1708 deorsum
906 1658 1297 1710 credidit‘vorti
1336 1662 1534 1712 omnia:

281 1753 444 1816 ipsam
485 1748 636 1798 etiam
676 1748 909 1813 Sipylum
949 1765 1149 1798 versam
1190 1766 1292 1799 non
1333 1751 1483 1800 aliter
1520 1756 1659 1815 puta.

283 1846 437 1903 atque
476 1838 605 1885 haec
643 1837 830 1884 merito
873 1852 1125 1887 evenere:
1165 1838 1283 1900 quia
1327 1838 1498 1903 Phryx
1536 1840 1784 1888 barbarus

281 1943 384 1979 non
425 1925 591 1991 potuit
628 1924 765 1988 regis
803 1923 946 1972 ferre
983 1925 1338 1972 contumelias,

280 2030 418 2066 nunc
456 2029 554 2078 ego
592 2011 893 2060 mehercule
934 2011 1086 2060 huius
1125 2012 1310 2076 culpae
1348 2013 1574 2073 nomine,

281 2119 414 2169 quae
451 2101 664 2151 nimium
704 2100 894 2149 multos
933 2100 1280 2150 aemulatores
1319 2100 1496 2162 habet,

281 2190 611 2258 expostulare
651 2190 820 2253 cupio,
860 2189 902 2237 si
941 2189 1260 2254 permistim,

281 2297 396 2331 cum
442 2295 639 2345 genere
678 2277 779 2326 hoc
817 2277 1104 2339 hominum,
1138 2279 1231 2342 >qui
1269 2279 1495 2344 expediti
1535 2296 1563 2330 a
1601 2280 1834 2345 symbola

282 2384 504 2419 coenare
543 2368 709 2416 aliena
748 2368 961 2432 cupiunt
998 2368 1112 2417 sine
1150 2368 1430 2417 laboribus.

282 2457 365 2506 dic
405 2456 634 2521 quisquis
672 2456 761 2503 ille
801 2471 874 2515 eS,
914 2471 1013 2519 qua
1050 2455 1227 2520 ingeni
1266 2456 1456 2506 fiducia

280 2545 357 2594 vis
395 2542 693 2609 parasitari:
731 2542 814 2591 vel
853 2543 974 2606 quid
1013 2543 1078 2592 ad
1112 2543 1263 2592 vitam
1305 2545 1432 2593 utile

281 2633 455 2684 nosti?
494 2647 685 2698 operae
725 2632 947 2696 pretium
986 2648 1206 2696 namque
1245 2633 1298 2680 id
1337 2639 1417 2681 est
1456 2633 1754 2683 resciscere.

289 2722 370 2771 dic
410 2736 563 2785 quem
603 2721 904 2784 magistrum
945 2723 1249 2786 nuncupas?
1288 2723 1370 2771 cui
1408 2721 1635 2772 fam-iliae

284 2826 473 2860 nomen
514 2809 744 2858 dedisti?
781 2809 971 2875 placita
1010 2825 1143 2873 quae
1182 2816 1234 2859 te
1273 2811 1537 2870 audaciae,

279 2898 382 2947 huc
420 2898 757 2947 extulerunt?
794 2914 908 2947 cum
947 2914 1040 2947 nos
1080 2898 1166 2962 qui
1201 2915 1383 2948 aevum
1425 2901 1658 2949 trivimus

282 2988 335 3036 in
374 2987 486 3035 istis
526 2986 828 3051 disciplinis,
866 3003 1022 3052 aegre
1061 2988 1135 3036 sic
1177 3003 1382 3052 quoque

284 3076 434 3124 nobis
471 3080 708 3140 patentes
744 3075 1117 3140 ind-ipiscamur
1154 3076 1314 3137 fores,

283 3168 361 3213 tot
398 3163 783 3227 coenipetarum
821 3171 1037 3227 propter
1074 3164 1461 3229 impudentiam.

284 3268 384 3301 non
427 3252 588 3301 cuivis
625 3251 822 3299 homini
862 3252 1005 3300 adire
1044 3254 1295 3318 contingit
1335 3253 1509 3316 dapes.

284 3342 385 3389 sint
420 3341 568 3388 firma
609 3345 815 3404 oportet
852 3341 1034 3399 latero,
1071 3356 1342 3389 mansurus
1381 3341 1542 3398 color,

280 3428 425 3477 frons
466 3428 620 3488 nulla,
659 3428 821 3476 malae
862 3430 1222 3494 plagipatidae,
1261 3429 1460 3477 iniuriis

280 3516 611 3581 colaphorum
652 3516 807 3566 nullis
846 3530 1071 3581 unquam
1111 3516 1458 3566 delassabiles.
