2202 3918
278 199 385 251 882
967 228 970 229 ν
991 195 1413 253 ΑΝΑΧΙΡΡΠΞ.

280 340 494 395 caudam
531 337 756 405 agitans:
795 341 903 388 tum
942 354 1065 388 vero
1104 338 1288 411 aliquis
1326 341 1549 393 accurrit
1587 344 1734 408 citus,

283 428 572 495 sellamque
609 427 756 494 ponit
791 426 1080 493 imperante
1118 430 1342 482 nemine.

1167 532 1259 585 111.

286 624 388 677 Odi
426 604 689 675 fortunam
726 621 1048 673 habitantem
1085 622 1137 672 in
1177 624 1366 675 misero
1402 641 1638 693 corpore,

234 711 238 715 ⁴
285 731 402 766 nam
441 728 558 762 cum
597 712 711 777 quis
751 711 968 778 opulens
1005 711 1213 775 inopem
1254 712 1408 764 vitam
1448 715 1662 778 victitat,

287 801 412 870 quid
449 799 590 850 aliud
627 799 766 849 hunc
805 813 956 864 quam
996 797 1191 850 crimen
1231 800 1495 854 Fortunae
1534 821 1715 869 voces;

287 906 421 957 quae
458 905 616 957 prave
655 888 846 938 misero
887 890 1128 939 comitem
1165 904 1222 938 se
1262 890 1349 939 dat
1386 893 1643 946 miseriae.

1175 996 1264 1048 lv.

224 1154 232 1161 ,
288 1085 405 1137 Non
444 1083 596 1134 video
637 1097 883 1147 quorsum
922 1087 1137 1149 argento
1175 1085 1422 1150 confidas,
1461 1093 1626 1155 pater,

290 1171 430 1238 quod
468 1171 540 1221 nil
578 1170 790 1219 habenti
827 1169 982 1220 facile
1017 1171 1194 1236 largiri
1231 1173 1367 1223 solet

289 1259 462 1312 brevis
498 1260 644 1320 hora,
683 1262 734 1307 et
772 1272 978 1309 rursum
1016 1258 1302 1325 possidenti
1341 1261 1570 1314 demere.

1186 1366 1248 1418 V.

293 1455 464 1507 Grave
502 1457 582 1504 est
619 1452 827 1518 quidem
868 1453 1131 1504 Fortuna:
1169 1469 1353 1520 grave:
1392 1462 1731 1512 veruntamen

293 1545 436 1595 illam
474 1541 712 1610 perferre
746 1548 891 1594 recte
929 1542 1084 1593 decet
1120 1549 1179 1593 ut
1217 1547 1489 1599 sarcinam.

1184 1651 1273 1704 v1.

296 1740 429 1792 Cum
466 1738 629 1805 flagra
665 1737 786 1800 sint,
822 1738 996 1790 iurare
1032 1743 1089 1790 tu
1128 1755 1335 1792 servum
1373 1742 1562 1794 iubes?

1175 1846 1288 1898 VH.

299 1933 541 2001 Negotiis
578 1931 622 1982 si
659 1935 865 1998 tempus
902 1946 1135 1983 assumas
1172 1936 1294 1996 tuis,

300 2039 487 2076 serena
524 2036 641 2073 mox
678 2020 877 2073 videbis
913 2036 974 2071 ac
1009 2021 1212 2088 placida
1249 2023 1438 2076 omnia.

1450 2247 1539 2256 ——a

712 2396 1746 2474 ANAXIPPUS.

880 2659 1577 2715 ΚΕΡΑΥΝΟΣ.

513 2814 517 2818 .
1203 2769 1268 2822 11.

305 2863 444 2914 Hem
482 2858 866 2928 philosopharis
902 2863 955 2910 at
992 2875 1091 2926 ego
1130 2864 1314 2926 reapte
1352 2861 1581 2927 comperi

307 2966 493 3017 sapere
531 2949 871 3015 philosophos
911 2954 1110 2998 tantum
1148 2950 1422 3001 verborum
1460 2954 1638 3012 tenus;

310 3043 361 3089 at
395 3038 551 3089 rebus
588 3037 714 3103 ipsis
752 3053 868 3089 esse
905 3036 1372 3103 insipientissimos,
