2202 3918
321 203 427 254 810
1050 198 1428 250 MENANnm

463 342 570 393 Res
609 346 688 392 est
725 340 943 392 honesta
982 354 1076 406 pro
1113 339 1243 390 locis
1280 340 1426 406 leges
1465 342 1626 405 sequi.

463 430 595 480 Dum
636 429 789 481 floret
825 434 980 491 aetas,
1021 427 1162 477 disce
1200 429 1338 493 quod
1379 429 1560 478 scitum
1599 420 1754 478 iuvet.

463 523 486 548 *
525 519 772 570 Nemesin
810 525 1018 569 caveto:
1055 516 1210 581 longe
1248 515 1375 582 fuge
1415 516 1725 581 superbiam.

319 605 424 658 875
463 607 708 659 iuvenem
744 608 908 672 magis
946 611 1122 655 tacere
1159 620 1312 670 quam
1348 584 1448 653 fari
1486 605 1652 654 decet.

460 697 760 748 Calumniae
797 711 909 746 mos
946 695 1154 744 vincere
1190 694 1245 743 id
1282 694 1419 759 quod
1455 694 1665 743 rectius.

458 787 626 838 Veros
664 785 873 845 amicos,
909 783 1100 834 alteros
1138 781 1327 831 fratres
1367 787 1513 848 puta:

462 875 611 926 lubet
648 878 888 940 parentes
927 873 1008 921 lex
1047 871 1147 921 coli
1185 871 1325 920 iuxta
1364 871 1504 920 deos.

455 965 538 1015 Tu
576 963 668 1013 tibi
707 967 949 1028 parentes
986 961 1176 1011 alteros
1215 960 1396 1009 credas
1435 960 1579 1015 deos.

316 1053 420 1104 38⁰
460 1055 479 1079 *
522 1052 748 1118 Legibus
786 1049 1006 1099 haerere
1043 1048 1248 1114 sapiens
1287 1047 1443 1096 debet
1480 1048 1716 1098 firmiter.

457 1141 679 1192 Ratione
716 1155 825 1188 rem
865 1137 1111 1203 putando,
1151 1135 1298 1204 vince
1336 1137 1446 1184 irae
1483 1137 1753 1201 impetum.

457 1229 634 1278 Uxore
670 1228 822 1278 ducta
860 1225 1034 1275 vivere
1073 1228 1128 1274 ut
1162 1239 1344 1273 servus
1383 1240 1521 1289 para.

457 1317 701 1368 Morbum
741 1330 892 1380 quam
932 1313 1225 1362 tristitatem
1265 1311 1496 1362 exantles
1531 1311 1750 1363 facilins.

456 1406 591 1458 Audi
628 1406 866 1465 libenter,
898 1404 1012 1468 ipse
1049 1401 1214 1451 adhuc
1248 1401 1469 1461 iuvenis,
1507 1416 1677 1451 senes.

314 1495 419 1547 '385
457 1496 479 1522 ‘¹
519 1496 650 1545 Nam
688 1509 787 1543 nox
825 1492 1053 1558 quietem
1094 1490 1325 1556 prae-bet,
1363 1488 1488 1539 facit
1525 1505 1656 1556 opus
1695 1491 1821 1544 dies.

451 1587 474 1614 *
516 1583 705 1634 Officia
741 1587 919 1631 vetera
956 1579 1113 1630 vincit
1150 1578 1381 1629 officium
1422 1595 1627 1630 novum.

456 1677 479 1702 *
518 1673 771 1723 Sermone
806 1670 993 1720 melius
1031 1673 1112 1718 est
1146 1668 1322 1718 iuveni
1359 1668 1640 1720 silentium.

453 1766 474 1790 *
514 1759 719 1811 iuvenis
755 1761 962 1810 labora:
998 1758 1197 1808 senium
1237 1755 1452 1823 habebis
1490 1756 1752 1807 floridum.

456 1848 850 1900 Praetervidere
889 1860 1170 1911 pauperem
1210 1850 1477 1894 externum
1517 1859 1657 1893 cave.

311 1942 416 1993 390
453 1939 658 1992 Amicus
698 1942 810 1987 esto
848 1935 985 1985 fidus
1021 1935 1073 1983 in
1112 1932 1270 1982 fidum
1312 1931 1587 1995 hospitem.

452 2031 596 2080 Bene
634 2026 700 2077 de
738 2029 915 2074 extero
955 2021 1078 2088 quid
1117 2020 1347 2081 meritus,
1386 2023 1659 2084 exspectes
1695 2019 1849 2070 idem.
1900 2039 1906 2044 ·

453 2119 597 2168 Bene
634 2131 692 2165 se
729 2113 964 2166 modeste
1000 2125 1187 2176 gerere
1226 2107 1556 2174 peregrinum
1595 2107 1764 2159 decet.

452 2208 527 2258 Ut
564 2219 752 2270 corpus
791 2203 949 2263 ensis,
987 2200 1142 2250 verba
1180 2203 1404 2247 mentem
1443 2197 1691 2248 sauciant.

452 2299 474 2325 *
514 2295 730 2354 Terrae,
771 2292 858 2341 ubi
897 2289 1117 2340 versaris
1155 2302 1394 2353 peregre,
1433 2286 1725 2351 obsequere
1761 2287 1981 2354 legibus.

311 2384 416 2437 395
453 2387 474 2412 ¹⁸¹
515 2382 697 2433 Gravis
733 2395 820 2429 res
859 2378 1176 2428 multimodis
1215 2375 1582 2441 peregrinatio.

451 2461 588 2523 Cura
625 2468 894 2534 hospitalis
932 2482 1065 2526 esse,
1106 2480 1201 2515 nec
1237 2464 1288 2512 in
1327 2464 1430 2512 hoc
1464 2464 1534 2512 sis
1572 2464 1736 2529 piger.

453 2558 739 2612 Occasione
775 2556 967 2605 laedito
1006 2554 1146 2611 nulla
1185 2547 1457 2617 hospitem.

449 2649 643 2702 Valens
679 2645 848 2711 sagaci
885 2647 1076 2702 mente,
1115 2641 1253 2706 quod
1292 2655 1502 2705 pravum
1543 2645 1642 2701 est,
1677 2639 1819 2706 fuge.

451 2740 644 2791 Rerum
683 2734 882 2785 abstine
921 2731 1242 2797 peregrinus,
1283 2735 1335 2779 et
1372 2731 1510 2779 vives
1550 2730 1697 2779 bene.

311 2832 415 2882 400
453 2830 595 2878 Bene
632 2822 822 2888 hospiti
860 2820 971 2871 fac:
1013 2826 1068 2870 tu
1107 2834 1313 2884 quoque
1352 2818 1544 2882 hospes
1582 2817 1691 2868 fors
1729 2819 1848 2868 eris.

453 2916 620 2967 Silere
659 2927 810 2977 quam
849 2895 1072 2958 clamare
1111 2907 1441 2972 peregrinum
1482 2906 1650 2956 decet.

452 3004 719 3055 Honorem
757 2999 908 3059 habe,
945 2995 1235 3062 peregrine,
1274 2995 1676 3059 susceptoribus.

453 3090 552 3156 Qui
590 3089 765 3138 literas
804 3086 1052 3146 didicere,
1089 3085 1273 3134 mentis
1312 3085 1427 3148 plus
1465 3082 1673 3133 habent.

427 3179 551 3244 ¹Qui
589 3177 739 3242 sapit,
774 3176 820 3225 is
856 3176 907 3225 in
947 3191 1003 3224 se
1040 3179 1224 3224 cuncta
1260 3172 1562 3222 circumfert
1599 3188 1707 3221 sua.

312 3270 415 3322 4⁰5
455 3271 476 3298 '⁴'
516 3267 632 3317 Non
671 3272 750 3315 eat
785 3264 1133 3324 inhonestum,
1170 3278 1231 3311 ea
1267 3277 1399 3326 quae
1437 3262 1602 3311 nescis
1641 3261 1857 3310 discere.

453 3359 475 3385 ’⁸‘
517 3354 678 3420 igitur
711 3353 999 3403 rediturum
1037 3366 1188 3416 spera
1227 3350 1290 3398 ad
1329 3350 1603 3399 amicitiam
1643 3357 1799 3400 tuam.

454 3445 616 3495 Nemo
648 3448 757 3503 est,
790 3441 985 3492 amicus·
1019 3441 1130 3506 ipse
1169 3439 1255 3504 qui
1293 3454 1393 3489 non
1414 3439 1496 3489 -sit
1535 3437 1646 3489 sihi.
