2202 3918
265 189 369 242 512
606 183 1062 240 PHOENIGIDIS
1101 184 1384 251 FABULA
1422 184 1754 242 INCERTA.

262 327 332 383 τὰ
369 325 599 381 τοιαῦτα
638 323 919 379 τίθεσθαι
956 320 1208 393 ὀνόματα
1259 322 1327 379 οὐ
1369 323 1544 397 μόνον
1591 327 1710 389 ταῖς
1747 319 2110 396 ἑταιρούσαις,

262 415 406 471 ἀλλὰ
440 416 535 469 καὶ
571 418 691 477 ταῖς
736 410 930 475 ἄλλαις
979 410 1226 478 δούλαις,
1270 408 1344 476 ὥς
1399 434 1541 486 φησι
1575 415 1847 485 Πολέμων
1892 416 1949 467 ἐν
1998 419 2113 479 τοῖς

263 508 387 578 περὶ
433 500 792 576 ἀκροπόλεως.
884 503 988 555 Sed
1035 503 1171 556 hanc
1225 505 1398 573 legem
1447 523 1551 558 non
1600 513 1897 559 constanter
1946 508 2110 561 Athe-

260 598 455 653 niensis
505 595 768 656 tenuisse,
813 597 1022 660 praeter
1069 594 1337 656 Nemeam,
1386 611 1417 645 a
1463 609 1562 660 qua
1607 594 1980 663 Theopompus
2029 596 2112 648 fa-

257 688 432 742 bulam
469 685 760 750 inscripsit,
810 683 963 733 etiam
1002 681 1312 733 Isthmiadis
1362 683 1652 734 meretricis
1702 699 1889 734 nomen
1940 685 2111 748 docet,

258 777 326 830 de
363 792 462 843 qua
499 790 547 824 v.
587 772 777 824 Athen.
814 769 939 821 xm
976 787 1029 837 p.
1065 770 1172 822 593
1191 770 1230 824 f.
1316 771 1392 822 De
1439 773 1600 824 verbo
1650 766 1882 837 ἑταιρεῖν
1929 772 2111 823 confer

257 867 558 921 Athenaeus
607 860 735 911 Xul
786 876 837 926 p.
875 858 1068 910 57111:
1123 854 1357 909 καλοῦσι
1414 856 1472 909 δὲ
1527 855 1624 920 τὰς
1678 851 2112 927 μισθαρνούσας

256 947 476 1020 ἑταίρας
531 948 627 999 καὶ
693 943 755 997 τὸ
808 944 899 998 ἐπὶ
956 942 1280 1008 συνουσίαις
1330 946 1671 1017 μισθαρνεῖν
1723 943 1972 1017 ἑταιρεῖν.
2040 979 2111 990 —--

255 1044 348 1096 Vs,
385 1042 420 1091 3
458 1054 551 1107 pro
589 1029 862 1103 ἀπέτυχον
898 1038 967 1088 Η.
1006 1039 1300 1105 Stephanus
1339 1034 1632 1103 ἐπέτυχον,
1684 1037 1841 1088 verba
1875 1036 1948 1086 ita
1985 1052 2110 1087 con-

254 1132 476 1198 iungens
513 1120 590 1194 μή
627 1142 725 1192 μοι
767 1123 885 1190 λέγε
926 1123 1201 1192 ἐπέτυχον,
1239 1127 1294 1177 id
1332 1132 1389 1177 ut
1415 1126 1675 1192 significet
1710 1114 1799 1174 ὅτι
1833 1120 2110 1190 ἐπέτυχον,

254 1219 413 1284 idque
454 1215 669 1282 Pythias
707 1214 773 1264 de
811 1230 870 1264 se
907 1215 1022 1281 ipsa
1060 1215 1263 1266 dixerit.
1355 1214 1552 1264 Ibidem
1590 1208 1901 1264 καταλῦσαι
1938 1209 2111 1273 θέλω,

252 1307 556 1358 missionem
592 1302 723 1353 dare
758 1302 889 1368 υοίο,
928 1303 1168 1354 desinere
1204 1302 1320 1354 volo
1359 1309 1529 1354 artem
1564 1304 1942 1353 meretriciam.
2016 1301 2110 1351 cn·

251 1394 482 1448 Machon
533 1391 791 1444 Athenaei
827 1390 955 1442 xm
994 1409 1046 1459 p.
1084 1392 1186 1442 581
1212 1408 1266 1443 c:
1318 1384 1751 1450 καταλελυκυίας
1805 1387 1904 1452 τῆς
1953 1388 2109 1443 Γνα-

250 1477 490 1534 θαινίου
526 1473 739 1546 σχεδόν,
777 1474 874 1529 οὐκ
910 1473 992 1528 ἔτι
1027 1473 1104 1530 θ’
1146 1476 1379 1548 ἑταιρεῖν
1416 1473 1812 1547 ὑπομενούσης.
1861 1480 1970 1530 Nos
2009 1479 2108 1529 das

258 1572 515 1637 Geschc‘zgft
563 1569 841 1638 ausgeben.
929 1568 1166 1621 Incertus
1216 1571 1352 1637 apud
1399 1570 1684 1620 Diodorum
1735 1568 1838 1618 Sic.
1886 1566 1986 1618 XII
2038 1565 2106 1617 15

250 1654 527 1727 εὐημερῶν
565 1651 898 1710 κατάλυσον.
984 1659 1061 1708 Ita
1100 1659 1237 1708 enim
1274 1658 1554 1724 legendum
1591 1673 1686 1723 pro
1722 1647 2104 1705 κατάπαυσον.

253 1750 348 1801 Gfr
385 1750 659 1814 praeterea
689 1746 979 1796 lacobsium
1018 1746 1289 1798 Animadv.
1328 1746 1395 1796 ad
1431 1746 1644 1798 Anthol.
1683 1761 1760 1812 gr.
1802 1744 1874 1795 lX
1908 1762 1958 1811 p.
1978 1744 2102 1795 445.

251 1869 318 1876 —
356 1837 447 1889 Vs.
487 1837 520 1885 6
557 1834 712 1900 vulgo
750 1828 975 1885 ἐδείκνυ.
1026 1835 1237 1884 Grotius
1274 1829 1485 1884 ἐδείκνυ
1522 1827 1596 1884 δ’.
1650 1832 1812 1884 Gaisf.
1849 1825 2102 1884 ἐδείκνυ’.

247 1959 319 1969 --
355 1926 447 1977 Vs.
487 1923 551 1972 11
595 1913 652 1969 δ’
694 1922 924 1972 additum
963 1939 993 1972 a
1028 1923 1389 1974 Valckenario.
1427 1954 1497 1963 -—
1534 1922 1626 1973 Vs.
1649 1922 1716 1970 13
1753 1913 1938 1984 ἕτεμν’
1982 1922 2101 1972 Ste-

247 2014 471 2082 phanus.
512 2009 656 2060 Libri
694 2003 932 2075 ἕτεμνεν.
967 2037 1037 2048 —-
1076 2009 1166 2060 Vs,
1189 2009 1255 2060 15
1293 2001 1520 2073 διήγημ’
1545 2003 1689 2072 ἔλεγε
1727 2002 1944 2074 νεκροὺς
1979 2009 2030 2059 h.
2053 2025 2099 2060 e.

250 2098 490 2166 διηγεῖτο
528 2087 614 2148 ὅτι
651 2090 876 2158 ἐποίησε
916 2090 1147 2166 νεκρούς.
1204 2129 1272 2138 —
1332 2099 1422 2151 Vs.
1463 2098 1529 2146 19
1568 2093 1624 2145 εἴ
1652 2111 1705 2144 τι
1742 2087 1797 2143 δ’
1839 2086 2103 2163 αι’τοίμην

247 2192 482 2243 Grotius.
555 2186 727 2253 Vulgo
765 2176 818 2233 εἰ
851 2181 910 2234 δέ
948 2178 1003 2234 τ’
1045 2178 1322 2252 αι’τοίμην.
1396 2186 1525 2237 Cod.
1564 2188 1610 2237 A
1646 2177 1822 2234 τάλαν
1858 2176 1996 2234 αἰτῶ
2031 2201 2102 2237 τι.

245 2275 602 2333 Wakefieldus
638 2266 690 2323 εἰ
723 2267 778 2323 δ’
820 2269 1124 2337 ἐπαιτοίην.
1192 2274 1497 2327 Gaisfordus
1532 2264 1584 2322 εἰ
1618 2268 1679 2323 δ’
1715 2265 1786 2324 ἂν
1822 2266 2101 2342 αι’τοίμην.

2188 2266 2202 2333 {³

2176 3119 2180 3126 '
2176 2911 2193 3078 :32⁴—aq-
