2202 3918
303 193 415 251 ⁸⁵0
787 241 790 245 .
887 207 926 217 ·’
1043 196 1449 255 ΜΕΝΛΝῺΜ’

449 332 727 403 Μέμνησο
766 332 1018 415 πλουτῶν
1053 332 1181 397 τούς
1210 337 1454 402 πένητας
1486 337 1738 412 ὠφελεῖν.

446 424 620 476 Μένει
658 419 717 473 δ’
757 419 965 494 ἑκάστῳ
1001 420 1177 476 τοῦθ’
1216 418 1351 498 ὅπερ
1385 429 1570 497 μέλλει
1603 432 1836 489 παθεῖν.

301 515 409 567 350
447 507 742 579 Μακάριος
779 503 931 571 ὅστις
965 510 1261 583 μακαρίοις
1300 511 1568 584 ὑπηρετεῖ.

444 601 676 671 Μακρὸς
713 599 818 671 γάρ
855 594 994 652 αἰών
1026 599 1318 673 συμφορὰς
1352 601 1560 667 πολλὰς
1596 603 1720 674 ἔχει.

442 689 615 743 Μισῶ
650 687 894 759 πονηρὸν
924 688 1169 759 χρηστὸν
1211 684 1349 743 ὅταν
1385 691 1512 766 εἴπῃ
1547 691 1730 762 λόγον.

439 776 542 841 Μὴ
578 774 817 847 λοιδόρει
851 783 1085 846 γυναῖκα
1120 779 1262 849 μηδὲ
1299 782 1575 837 νουθέτει.

438 867 715 935 ΒΙέμνησο
752 867 872 929 νέος
904 861 985 918 ὢν
1019 864 1093 929 ὠς
1130 870 1301 939 γέρων
1336 867 1435 942 ἔσῃ
1473 871 1625 924 ποτέ.
1718 883 1721 885 ’

293 957 401 1010 355
442 952 678 1020 Μήποτε
715 952 890 1028 λάβῃς
927 958 1189 1023 γυναῖκας
1223 951 1299 1019 εἰς
1335 956 1703 1028 συμβουλίαν.

435 1042 538 1109 Μὴ
571 1041 792 1114 ’μβαινε
832 1044 1220 1114 δυστυχοῦντι·
1260 1047 1414 1111 κοινή
1451 1046 1561 1117 γάρ
1596 1044 1752 1118 τύχη.

431 1130 728 1204 Μακάριος
769 1126 921 1196 ὅστις
959 1132 1110 1204 ἔτυχε
1146 1134 1402 1202 γενναίου
1439 1135 1625 1207 φίλου.

432 1220 535 1287 Μὴ
575 1222 776 1275 σπεῦδε
812 1223 1087 1287 πλουτεῖν,
1121 1225 1199 1292 μή
1238 1223 1405 1294 ταχὺς
1442 1226 1608 1289 πένης
1643 1225 1790 1299 γένῃ.

406 1300 584 1378 ’Μέγ’
623 1310 742 1364 ἐστὶ
777 1310 982 1382 κέρδος,
1018 1306 1087 1376 ἢν
1125 1308 1510 1366 διδάσκεσθαι
1549 1309 1765 1387 μάθῃς.

285 1404 392 1454 360
426 1398 598 1453 Μισῶ
634 1401 847 1464 πένητα
883 1398 1130 1472 πλουσίῳ
1169 1399 1533 1471 δωρούμενον.
1662 1397 1665 1399 ’

426 1489 626 1553 Μηδέν
662 1507 794 1541 ποτε
829 1488 1018 1541 κοινοῦ
1053 1489 1122 1563 τῇ
1156 1492 1373 1557 γυναικὶ
1404 1490 1698 1562 χρήσιμον.

422 1576 526 1643 Μή
564 1574 726 1648 γάμει
762 1582 996 1645 γυναῖκα
1033 1574 1165 1631 κούκ
1202 1574 1436 1645 ἀνοίξεις
1472 1578 1674 1653 τάφον.

425 1665 661 1735 Μεγάλη
701 1669 958 1739 τυραννὶς
995 1663 1158 1736 ἀνδρὶ
1195 1668 1431 1722 τελοῦσα
1468 1671 1562 1722 καὶ
1600 1668 1755 1738 γυνή.

421 1754 524 1820 Μὴ
564 1755 700 1827 πρὸς
735 1755 799 1809 τὸ
836 1755 1024 1826 κέρδος
1061 1752 1150 1815 ἀεὶ
1184 1756 1354 1826 πειρῶ
1391 1757 1628 1826 βλέπειν.

276 1847 381 1900 365
421 1841 747 1913 Μαστιγίας
783 1841 1040 1914 ἕγχαλκος
1075 1840 1365 1914 ἀφόρητον
1399 1843 1584 1899 κακόν.

420 1929 524 1998 Μή
558 1951 656 2002 μοι
692 1928 918 2001 γένοιθ’
959 1928 1001 1984 δι’
1034 1927 1272 2001 βούλομ’
1313 1928 1441 1984 ἀλλ’
1483 1929 1528 1985 ὃ
1560 1933 1847 2005 συμφέρει.

415 2019 581 2076 Μετὰ
620 2018 840 2074 δικαίου
874 2017 959 2073 ἇεὶ
1000 2018 1292 2091 διατριβὰς
1324 2019 1488 2077 ποίει,

414 2107 591 2183 Νόμῳ
627 2107 700 2163 τὰ
737 2105 923 2162 πάντα
958 2106 1205 2176 γίγνεται
1241 2111 1338 2163 καὶ
1372 2107 1630 2181 κρίνεται.

413 2196 619 2270 Νόμιζε
656 2196 815 2252 κοινὰ
854 2194 1038 2252 πάντα
1071 2191 1454 2266 τάτυχήματα.

267 2292 375 2344 370
412 2289 583 2341 Νοεῖν
617 2283 723 2358 γάρ
759 2286 878 2341 ἐστι
914 2288 1160 2359 κρεῖττον
1193 2281 1231 2350 ἢ
1270 2284 1434 2354 σιγὴν
1470 2285 1628 2358 ἔχειν.

408 2374 626 2448 Νύμφη
664 2374 722 2429 δ’
763 2374 1026 2447 ἄπροικος
1063 2372 1163 2428 οὐκ
1201 2373 1308 2444 ἔχει
1344 2375 1679 2446 παρρησίαν.

406 2462 623 2534 Νόμοις
659 2464 904 2519 ἕπεσθαι
939 2466 1054 2527 τοῖς
1090 2461 1368 2535 ἐγχωρίοις
1403 2462 1593 2519 καλόν.

405 2555 548 2618 Νέος
585 2552 839 2626 πεφυκώς
875 2552 1055 2606 πολλοὶ
1084 2551 1304 2624 χρηστὰ
1339 2550 1623 2623 μάνθανε.

401 2644 649 2713 Νέμεσιν
683 2640 981 2717 φυλάσσου
1016 2643 1194 2712 μηδὲν
1232 2639 1613 2713 ὑπερφρονῶν.

259 2736 364 2787 375
400 2734 526 2806 Νέῳ
565 2734 623 2786 δὲ
661 2733 823 2802 σιγᾶν
860 2730 1076 2803 μᾶλλον
1115 2726 1149 2796 ἢ
1183 2732 1369 2784 λαλεῖν
1406 2733 1616 2803 πρέπει.

395 2822 549 2894 Νικᾷ
583 2821 686 2892 γὰρ
725 2820 813 2875 ἀεὶ
850 2818 1086 2889 διαβολὴ
1127 2819 1199 2872 τὰ
1233 2818 1537 2891 κρείττονα.

397 2909 599 2981 Νόμιζ’
643 2908 919 2981 ἀδελφοὺς
955 2910 1082 2971 τοὺς
1119 2907 1433 2973 ἀληθινοὺς
1471 2907 1683 2979 φίλους.

403 2999 596 3070 Νόμος
633 3002 888 3070 γονεῦσιν
926 2995 1190 3061 ἰσοθέους
1226 2995 1389 3066 τιμὰς
1427 2999 1659 3066 νέμειν.Υ

395 3086 600 3158 Νόμιζε
639 3089 825 3163 σαυτῷ
866 3087 994 3152 τοὺς
1032 3089 1208 3156 γονεῖς
1244 3076 1388 3139 εἶναι
1424 3084 1613 3150 θεούς.

252 3179 358 3231 380
395 3173 606 3247 Νόμων
642 3175 877 3246 ἔχεσθαι
915 3174 1100 3231 πάντα
1140 3175 1229 3229 δεῖ
1257 3173 1356 3228 τὸν
1395 3172 1678 3249 σώφρονα.

393 3262 646 3329 Νίκησον
682 3262 856 3336 ὀργὴν
890 3265 967 3339 τῷ
1003 3263 1331 3335 λογίζεσθαι
1367 3264 1562 3328 καλῶς.

392 3350 603 3423 Νόμιζε
639 3350 821 3424 γήμας
851 3354 1049 3417 δοῦλος
1085 3343 1230 3407 εἶναι
1267 3349 1361 3405 διὰ
1402 3350 1547 3421 βίου.
1620 3364 1622 3367 ’

392 3438 586 3496 Νόσον
622 3442 681 3495 δὲ
716 3440 963 3515 κρεῖττόν
999 3442 1150 3497 ἐστιν
1186 3437 1223 3508 ἢ
1259 3437 1440 3507 λύπην
1478 3443 1679 3515 ᾳέρειν.
