2202 3918
304 244 410 297 738
556 268 559 269 ⁷
1001 239 1446 292 P111L1⁴2M0le

307 386 497 453 leporis
538 399 652 434 esse
688 382 894 449 plenam
933 386 1089 447 atque
1127 381 1495 436 hilaritudinis.

306 490 441 524 nuno
477 472 810 522 differitatem
851 471 1001 522 video
1041 471 1201 521 solam
1245 476 1400 537 atque
1438 474 1643 525 unicam

306 561 601 626 quotidiano
641 562 693 612 in
733 566 902 611 sumtu
945 565 999 610 et
1035 558 1267 610 dimenso
1303 561 1488 611 sitamx

208 708 232 721 ..
307 654 356 699 at
395 650 511 716 pius
548 649 746 701 habere
785 648 941 699 taedii
985 649 1071 714 qui
1110 649 1225 715 plus
1261 649 1470 701 habent.

202 2757 205 2758 ⁷
293 2760 523 2826 thymum
560 2765 716 2824 atque
754 2776 1076 2828 asparagum,
1114 2760 1246 2810 haec
1283 2760 1422 2810 sola:
1467 2761 1614 2826 proin
1654 2766 1825 2812 metuo
1868 2760 2018 2811 nimis

1197 773 1261 824 X.

308 862 423 913 Non
460 861 623 914 iustus
661 863 828 913 omnis
865 862 1127 912 abstinens
1166 861 1384 912 iniuriae
1423 868 1519 925 est,

307 952 398 1002 sed
437 953 524 1018 qui
562 968 752 1003 nocere
795 966 952 1017 quum
991 956 1162 1018 potest
1199 955 1323 1002 tunc
1361 944 1627 1015 abstinet;

306 1054 403 1091 nee
440 1041 527 1105 qui
563 1046 769 1092 recusat
805 1056 978 1106 parva,
1018 1039 1111 1090 sed
1150 1040 1236 1105 qui
1277 1041 1507 1090 maximis

305 1131 533 1178 tentatus
571 1129 726 1178 animi
765 1130 924 1179 robur
960 1128 1207 1178 invictum
1245 1129 1411 1194 gerit:

294 1232 403 1267 -nec
441 1216 670 1282 quisquis
705 1217 804 1266 ista
842 1205 1076 1281 quolibet
1114 1223 1342 1281 praestat
1381 1217 1560 1267 modo:

306 1305 398 1357 sed
438 1305 525 1370 qui
564 1304 730 1356 dolosi
769 1305 977 1355 nescius
1015 1302 1142 1367 suci,
1178 1296 1380 1372 integra

304 1394 579 1461 probitate,
616 1395 782 1444 iustus
821 1409 952 1455 esse,
992 1410 1092 1445 non
1134 1395 1292 1456 credi,
1331 1394 1519 1445 studet.

1184 1500 1276 1552 XI.⁴

302 1585 632 1655 Quicumque
662 1588 784 1639 dicit
822 1589 887 1639 ad
920 1605 1031 1639 rem
1069 1605 1202 1654 quae
1240 1605 1341 1640 non
1382 1591 1662 1657 pertinent,

302 1680 429 1729 duas
467 1680 670 1729 locutus
708 1679 948 1744 syllabas,
984 1678 1212 1744 prolixus
1253 1685 1361 1729 est:

300 1774 352 1818 at
389 1769 522 1818 bene
562 1768 817 1818 dicentem
857 1784 922 1817 ne
959 1767 1215 1833 prolixum
1255 1768 1465 1829 dixeris,

299 1858 619 1922 quantumvis
658 1856 794 1905 dicat
830 1856 989 1906 multa
1026 1861 1080 1906 et
1114 1856 1277 1906 multo
1315 1863 1566 1922 tempore.

298 1947 360 1996 ab
400 1946 629 1996 Homero
667 1959 811 1995 sume
848 1943 1199 1995 testimonium
1237 1945 1352 1994 tibi:

299 2036 342 2085 is
382 2049 538 2100 quum
578 2033 802 2083 exararit
838 2046 1080 2083 versuum
1119 2038 1196 2083 tot
1233 2033 1412 2095 miliia,

254 2138 449 2175 anemo
491 2127 570 2174 est
608 2122 895 2172 Homerum
935 2121 1021 2187 qui
1056 2122 1314 2188 prolixum
1349 2122 1561 2174 iudicet.

1170 2229 1287 2280 xli.

296 2318 438 2385 Ager
474 2317 601 2368 mihi
642 2316 801 2368 instar
837 2316 1024 2368 medici
1063 2322 1172 2368 est:
1208 2319 1280 2369 ita
1316 2334 1399 2368 me
1437 2318 1689 2384 perpetim

296 2407 385 2456 alit
420 2422 635 2456 severae
670 2406 790 2471 lege
826 2406 1187 2471 parsimoniae,

296 2501 507 2544 tenuem
545 2495 881 2560 suppeditans
918 2493 1140 2559 frugem,
1181 2494 1287 2544 villi
1326 2495 1578 2544 tantulum

297 2580 434 2649 quod
472 2583 622 2634 odori
660 2588 738 2632 sat
775 2583 856 2644 sit,
895 2583 1179 2648 pauxillum
1217 2583 1391 2645 oleris,
1430 2592 1660 2635 ceterum
1699 2598 1702 2601 ⁴

296 2673 458 2723 siccas
496 2672 656 2738 dapes
697 2677 748 2720 et
784 2671 1066 2737 rupicosas,
1105 2672 1384 2738 capparim,

297 2861 364 2895 ne
401 2863 485 2897 me
526 2848 858 2900 excarnificet
894 2850 1081 2905 misera
1116 2851 1280 2900 macie
1319 2850 1594 2915 perditum.

1145 2955 1287 3006 xm.

293 3042 611 3106 quemquem
646 3059 855 3095 servare
892 3046 1070 3096 videro
1110 3045 1287 3110 ecquis
1323 3050 1572 3105 sternuat,

293 3131 469 3193 ecquis
505 3131 761 3196 loquatur,
799 3135 975 3198 ecquis
1012 3140 1312 3199 promoveat
1350 3119 1554 3199 pedem,

288 3216 428 3267 hunc
465 3220 575 3268 sine
614 3237 754 3270 mora
792 3222 896 3271 ulla
933 3221 1066 3271 duco
1105 3221 1336 3271 venalem
1375 3222 1440 3271 ad
1478 3221 1665 3271 forum.

288 3306 385 3355 sibi
423 3307 639 3372 quisque
676 3305 906 3359 nostrum
942 3310 1179 3371 sternuit,
1218 3310 1445 3375 loquitur
1483 3311 1597 3373 sibi,

288 3393 384 3443 sibi
423 3397 770 3461 progreditur,
809 3413 909 3446 non
949 3398 1141 3463 populo
1181 3399 1472 3464 Quiritium.

284 3482 356 3532 ita
391 3499 547 3549 porro
586 3490 710 3534 eunt
746 3501 846 3546 τετε,
885 3486 1014 3534 ordo
1055 3490 1111 3535 ut
1151 3493 1370 3536 naturae*
1403 3486 1565 3536 iubet.
