2202 3918
259 252 363 302 8⁰2
991 239 1370 294 MENANDM

403 390 606 441 Salvam
647 386 854 436 domum
898 390 1162 452 praestare
1204 390 1465 435 matronae
1496 390 1572 434 est
1611 386 1823 451 probae.

293 478 364 528 85
403 478 595 529 Mulier
634 474 861 525 familiae
900 474 1058 539 pestis
1098 481 1194 534 est,
1236 473 1420 522 mulier
1460 473 1616 523 salus.

401 566 539 615 Cave
578 563 796 614 salutem
837 562 1062 611 feminae
1100 561 1283 610 credas
1322 568 1476 611 tuam.

403 652 511 703 Scit
548 651 687 717 quod
724 651 943 717 cupiscit
979 649 1191 711 femina,
1233 649 1453 699 ulterius
1492 648 1638 698 nihil.

402 739 572 789 Grave
611 745 691 790 est
729 740 918 789 malum
957 737 1155 787 homini
1193 738 1327 788 risus
1367 737 1505 787 haud
1542 727 1593 787 in
1633 743 1888 803 tempore.

403 828 585 879 Tellus
622 834 680 878 ut
718 829 826 877 edit
863 827 935 876 ita
972 828 1212 876 resorbet
1250 826 1437 877 omnia.

297 917 367 966 90
404 917 573 969 Senex
611 922 827 977 amator,
865 915 1102 965 ultimum
1140 914 1495 965 infortunium.

399 1005 482 1056 Ad
520 1003 891 1071 poenitendum
927 1010 1176 1069 properat
1215 1003 1301 1068 qui
1339 1019 1552 1053 uxorem
1591 1003 1790 1069 accipit.

403 1093 522 1143 Non
556 1096 705 1142 ornat
742 1107 925 1141 aurum
965 1091 1230 1152 feminam,
1268 1096 1320 1140 at
1358 1108 1529 1141 mores
1567 1092 1736 1158 probi.

402 1179 599 1230 Mulier
635 1180 799 1245 probe
837 1185 1051 1273 mewa,
1091 1181 1226 1228 vitae
1264 1186 1347 1229 est
1382 1182 1595 1245 sospita.

407 1270 566 1320 Certe
604 1261 847 1318 invenire
881 1267 1121 1317 feminam
1157 1262 1300 1316 *haud
1340 1266 1494 1316 facile
1533 1271 1612 1317 est
1648 1267 1850 1317 bonam.

294 1355 364 1406 95
402 1355 640 1422 Sepelire
678 1357 840 1406 satius
878 1355 1122 1406 feminam
1162 1364 1311 1420 quam
1354 1356 1563 1407 ducere.
1878 1355 1881 1357 ’

402 1444 687 1495 Prudentia
724 1460 854 1511 opus
891 1451 970 1495 est
1009 1445 1095 1494 ubi
1136 1445 1378 1494 didiceris
1419 1445 1612 1496 literas,

397 1533 758 1583 Natura‘fecit
795 1541 1084 1584 sumtuosas
1122 1533 1356 1584 feminas,

402 1624 423 1647 ²*
465 1623 697 1683 Uxorem
737 1639 881 1688 cape,
922 1639 1023 1675 non
1063 1623 1255 1682 dotem,
1292 1623 1346 1671 in
1390 1617 1786 1673 matrimonium.

398 1710 634 1761 Honesta
673 1712 859 1761 mulier
897 1716 975 1761 est
1012 1711 1382 1775 gubernaclum
1420 1712 1617 1761 domus.

259 1797 362 1846 loo
399 1799 594 1849 Natura
630 1800 822 1864 quippe
859 1798 1084 1848 feminae
1122 1799 1394 1862 imperium
1435 1806 1606 1863 negat.

400 1887 626 1937 Consilia
665 1888 855 1937 tutiora
897 1891 1016 1936 sunt
1055 1901 1187 1950 quae
1226 1885 1348 1935 dant
1385 1903 1552 1936 senes,

399 1975 730 2025 Connubium
769 1975 967 2025 homini
1005 1974 1155 2034 inire,
1194 1974 1417 2024 votivum
1454 1979 1535 2024 est
1573 1974 1778 2027 melum.

399 2063 619 2127 Quaeris
656 2065 868 2113 maritus
907 2064 1059 2113 esse?
1097 2062 1289 2111 vicinos
1328 2063 1463 2113 vide.

394 2155 417 2179 ¹·
458 2153 660 2201 Exerce
700 2166 922 2217 pueros:
963 2168 1062 2200 non
1106 2152 1370 2200 exercebis
1409 2152 1594 2203 virum.

258 2237 363 2289 105
401 2238 670 2289 Reverens
708 2243 980 2304 paventum
1018 2240 1105 2300 sis,
1145 2240 1323 2289 amicis
1364 2240 1644 2291 beneficus,

394 2331 416 2355 ‘¹
458 2327 613 2377 Nulla
650 2342 875 2391 unquam
913 2334 1114 2393 spectat
1152 2329 1358 2389 mulier,
1395 2328 1522 2378 utile
1561 2329 1699 2394 quod
1738 2332 1854 2381 siet.

395 2418 418 2449 '⁸‘
458 2415 653 2465 Senum
693 2422 843 2478 quam
882 2415 1126 2466 iuvenum
1167 2417 1361 2467 monita
1399 2418 1637 2468 attendes
1674 2419 1853 2470 tutius.

393 2503 547 2553 Mens
585 2500 746 2551 stulta'
778 2502 931 2563 ridet,
970 2504 1174 2567 quando
1212 2503 1484 2553 ridendum
1526 2511 1603 2554 est
1642 2506 1784 2556 nihil.

393 2590 535 2641 Nihil
573 2590 946 2657 propemodum
983 2591 1171 2640 mulier
1209 2591 1363 2640 distat
1401 2575 1622 2649 mulie-ri.

253 2680 356 2729 110
395 2682 416 2708 *
455 2679 537 2729 Ne
577 2679 732 2746 duces
770 2678 1046 2740 iuniorem,
1084 2678 1127 2729 si
1164 2678 1326 2729 fueris
1365 2695 1539 2731 senex.

394 2765 600 2819 Afferre
640 2766 824 2816 damna
865 2766 1119 2816 lubricum
1161 2767 1368 2833 linguae
1407 2770 1558 2820 solet.

391 2855 561 2905 Proba
597 2861 718 2904 sunt
754 2855 895 2905 illius
936 2854 1071 2904 facta
1111 2857 1191 2905 cui
1230 2872 1375 2906 mens
1416 2865 1494 2907 est
1532 2859 1709 2924 proba.

396 2948 418 2971 ²·
458 2943 753 3012 senectutis
791 2959 893 2994 non
933 2944 1156 2994 habetur
1192 2944 1446 3010 effugium
1490 2947 1672 2997 malae.

392 3031 657 3096 Benignus
695 3047 811 3082 esse
850 3047 1068 3097 quaere3
1108 3032 1202 3082 sed
1239 3033 1405 3082 iustus
1444 3034 1625 3100 magis.

253 3117 355 3168 115
393 3119 508 3169 Non
549 3120 681 3168 bene
719 3125 819 3169 stat
856 3121 990 3169 intra
1020 3120 1184 3168 verba
1222 3120 1498 3171 amicorum
1537 3123 1689 3173 fides.

387 3204 409 3226 *
449 3205 595 3256 Hero
635 3207 767 3257 bene
806 3209 982 3273 cupias
1021 3207 1322 3258 servitutem
1361 3209 1607 3259 serviem.

387 3293 553 3359 Turpi
594 3310 707 3344 esse
744 3295 911 3346 forma
949 3297 1138 3357 malim,
1178 3288 1329 3360 quani
1370 3313 1484 3348 esse
1521 3297 1860 3355 maledicus..

385 3380 481 3431 Dei
520 3382 710 3432 tuenda
746 3385 994 3435 memoria
1031 3387 1083 3435 in
1122 3384 1278 3433 rebus
1317 3385 1480 3436 bonis.

377 3467 458 3519 Sis
495 3485 706 3534 aequae,
745 3487 906 3537 aequa
946 3479 1002 3523 ut
1039 3475 1370 3538 consequaris
1412 3481 1466 3525 tu
1508 3489 1731 3540 quoque.
