2202 3918
783 161 996 228 EYNO
1008 162 1231 226 YXOE.
1831 171 1938 230 12⁸

158 314 419 380 Quidnam
456 312 629 379 igitur
653 310 904 375 sociam?
939 327 1212 363 mommo
1249 328 1364 362 cnm
1403 320 1665 376 accersat,
1706 321 1759 365 et
1796 313 1936 366 ultro

151 403 427 470 supplicet,
466 401 759 452 accedam?
796 399 853 450 Si
892 405 1033 452 totus
1072 406 1124 488 et
1157 401 1367 468 integer
1402 401 1543 452 illinc

154 491 370 552 exieras,
409 506 506 541 nec
543 505 697 540 nunc.
1077 540 1082 543 ,
1409 543 1412 546 ,
1469 540 1474 546 ,

82 577 216 628 Sunt
268 577 436 629 Persii
485 594 666 629 versus
716 578 824 629 Sat.
860 577 907 631 V
946 578 1041 627 161
1086 593 1196 644 sqq.
1250 540 1313 626 ad
1364 591 1517 647 quem
1572 564 1743 626 iocum
1788 581 1936 634 vetus

81 665 356 733 glossator
376 667 510 718 haec
547 666 845 732 adscripsit.
885 665 1085 728 „Hunc
1115 666 1285 738 locum
1325 682 1355 715 e
1378 650 1654 716 Menandri
1685 653 1937 718 Eunucho

16 734 17 743 ἵ
84 755 265 816 traxit,
311 754 362 805 in
402 770 504 821 quo
543 755 739 805 Davum
777 747 983 805 servum
1024 734 1420 806 Chaerestratus
1468 753 1772 806 adolescens
1809 753 1938 803 allo-

83 841 283 908 quitur,
322 849 562 909 tanquam
605 858 782 893 amore
821 841 1092 909 Chrysidis
1131 842 1441 905 derelictus,
1486 842 1731 907 idemque
1768 845 1938 891 tamen

83 931 148 981 ah
187 946 248 980 ea
286 936 560 981 revocatus
613 930 676 980 ad
730 929 869 980 illam
908 931 1060 982 redit.
1147 931 1301 1001 Apud
1339 931 1646 982 Terentium
1683 927 1939 997 personae

83 1018 385 1070 immutatae
422 1020 593 1070 sunt’'
665 1018 858 1082 Recte3
915 1036 1029 1069 nam
1069 1018 1208 1071 Davo
1248 1017 1524 1071 Menandri
1544 1019 1698 1090 apud
1737 1019 1939 1070 Teren-

82 1108 212 1158 tium
249 1107 614 1170 Parmenonis,
665 1107 1032 1159 Chaerestrato
1073 1107 1393 1172 Phaedriae,
1445 1087 1688 1186 Chrysidi
1724 1085 1940 1160 Thaidis

84 1209 273 1247 nomen
309 1196 607 1263 impositum
644 1202 740 1247 est.
781 1195 989 1248 Patrem
1012 1196 1298 1259 Chaereae,
1339 1196 1486 1248 cuius
1524 1214 1714 1248 nomen
1736 1197 1940 1248 Teren-

85 1286 189 1335 tius
238 1286 452 1346 reticet‚
499 1283 790 1336 Menandro
830 1279 1100 1336 Simonem
1145 1263 1463 1352 appellatum
1507 1284 1674 1336 fuisse
1722 1288 1942 1336 testatur

15 1350 17 1368 Ι
83 1373 316 1424 Donatus
354 1374 418 1424 ad
443 1375 485 1425 V
521 1374 556 1424 5
594 1374 644 1424 1.
683 1374 769 1439 qui
808 1374 872 1423 ad
914 1374 987 1424 111
1027 1374 1060 1423 3
1100 1375 1127 1424 1
1170 1374 1236 1424 de
1269 1357 1494 1425 Chreme
1530 1374 1662 1424 haec
1701 1377 1941 1424 annotat:

85 1460 254 1524 „haec
306 1477 530 1528 persona
577 1462 715 1527 apud
770 1462 1120 1513 Menandrum
1176 1463 1525 1531 adolescentis
1581 1461 1762 1512 rustici
1799 1461 1940 1514 est?

15 1539 17 1602 Ῐ
86 1549 167 1603 Ad
205 1564 338 1617 quae
375 1544 455 1600 cl‘r
493 1549 807 1599 Grauertum
844 1548 995 1600 Anal.
1034 1539 1217 1601 histor.
1243 1552 1309 1600 'et
1339 1549 1528 1618 philol.
1568 1566 1620 1623 p.
1662 1550 1782 1601 156.

997 1727 1038 1779 1.

225 1835 507 1887 Terentius
545 1833 753 1885 fabulae
789 1833 970 1884 initio:
1016 1819 1161 1898 Quid
1195 1834 1369 1902 igitur
1392 1835 1645 1900 faciam?
1680 1851 1786 1885 non
1824 1853 1942 1887 eam

85 1943 152 1976 ne
187 1942 327 1976 nunc
365 1925 606 1992 quidem,
650 1938 773 1972 vum
818 1939 1060 1974 accersor
1097 1922 1276 1973 ultro?
1335 1923 1424 1973 ubi
1477 1923 1783 1988 particulam
1821 1926 1942 1976 Me-

14 2022 17 2036 ‘
86 2014 437 2065 nandreorum
482 2011 709 2063 servavit
753 2012 1014 2063 Donatus:
1070 1997 1224 2060 εἶτα
1279 2004 1346 2062 τί
1403 2004 1709 2076 ποιήσως
1782 2014 1942 2065 Addit

86 2102 227 2153 idem
266 2101 423 2151 verba
459 2116 565 2151 non
613 2116 730 2150 eam
765 2116 832 2149 ne
882 2116 1022 2150 nunc
1066 2102 1275 2167 quidem
1317 2099 1391 2151 ita
1438 2101 1582 2166 iungi
1631 2102 1693 2151 ab
1742 2101 1804 2152 iis
1854 2104 1943 2169 qui

14 2212 17 2222 ’
87 2190 373 2242 secundum
421 2187 698 2239 Menandri
749 2188 1043 2253 exemplum
1083 2188 1278 2254 legant.
1364 2188 1591 2243 Probum
1640 2194 1813 2241 autem
1865 2192 1944 2242 di-

88 2279 360 2330 stinxisse:
396 2293 501 2326 non
539 2278 695 2325 eam?
730 2291 798 2325 ne
834 2292 972 2324 nunc
1006 2277 1243 2342 quidem,
1293 2293 1447 2343 quum
1486 2293 1726 2326 accersor
1761 2278 1943 2329 ultro?

86 2370 319 2434 Apparet
357 2380 418 2415 ex
456 2364 538 2415 his
577 2363 883 2414 Terentium
922 2365 1139 2414 verbum
1189 2365 1255 2415 de
1292 2365 1451 2414 verbo
1502 2380 1805 2431 expressum
1854 2347 1944 2419 ex·-¹

89 2457 291 2519 tulisse,
326 2452 466 2505 unde
503 2451 852 2504 Menandrum
891 2452 1025 2504 haec
1061 2453 1132 2502 ita
1171 2452 1361 2504 dixisse
1400 2454 1709 2520 suspiceris:

369 2528 511 2593 Εἶτα
547 2535 602 2590 τί
638 2535 884 2603 ποιήσω;
918 2536 997 2608 μὴ
1036 2538 1336 2610 προσέλθω
1373 2538 1514 2610 μηδὲ
1550 2538 1667 2605 νῦν,

374 2624 549 2694 αὐτῆς
573 2623 879 2693 καλούσης;

982 2786 1049 2837 11.

304 2887 406 2955 Μὴ
447 2886 733 2961 θεομάχει,
770 2889 910 2960 μηδὲ
948 2885 1233 2961 προσάγου
1269 2886 1345 2961 τῷ
1382 2882 1665 2959 πράγματι

299 2996 571 3067 χειιιιῶιάς
607 2995 832 3070 ἑτέρους,
869 2995 998 3060 τοὺς
1035 2992 1089 3049 δ’
1131 2991 1468 3065 ἀναγκαίους
1507 2995 1656 3068 qipa.

235 3144 492 3195 Stobaeus
530 3144 674 3195 Flor.
713 3144 884 3197 cvm
924 3144 1010 3195 40.
1086 3144 1219 3195 Sunt
1265 3141 1392 3196 Davi
1441 3141 1630 3203 verba,
1684 3144 1742 3190 ut
1791 3140 1944 3191 docet

96 3233 376 3285 Terentius
415 3233 435 3283 1
477 3234 501 3282 l
546 3233 631 3283 31.
672 3233 757 3284 uhi
799 3234 1052 3284 Parmeno
1091 3233 1241 3283 dicit:
1280 3233 1330 3282 si
1365 3233 1530 3299 sapis,
1567 3228 1754 3298 Neque
1781 3246 1942 3297 prae-

95 3329 333 3390 terquam
372 3339 501 3390 quus
540 3323 653 3389 ipse
700 3340 849 3373 amor
895 3324 1164 3375 molestias
1212 3321 1424 3384 Habet,
1473 3321 1668 3382 addas,
1716 3324 1769 3370 et
1822 3318 1941 3369 illas

95 3428 224 3480 quas
262 3411 418 3462 habet
456 3418 600 3462 recte
627 3413 796 3477 serae.
