2202 3918
1871 222 1976 273 715

277 358 460 410 Redeo
498 357 562 408 ad
599 361 805 409 ceteros
842 356 1258 423 lambograplnoS‚
1297 370 1512 420 quorum
1551 376 1763 425 prorsus
1801 358 1975 430 singu-

131 448 243 497 larc
274 446 376 496 fuit
410 447 463 497 in
499 445 731 496 iambicis
769 446 1004 495 versibus
1043 443 1304 494 struendis
1350 447 1649 511 artificium,
1699 455 1759 501 nt
1806 466 1976 517 neque

133 541 466 599 anapaestum
506 550 676 600 neque
714 534 993 600 dactylum,
1030 532 1324 583 Simonides
1356 537 1528 583 autem
1556 551 1622 586 ne
1659 538 1922 591 tribrachu
1944 561 1975 593 n

132 623 340 687 quidem
379 624 476 673 nisi
512 624 774 674 rarissime
811 623 1093 671 admiserit.
1150 620 1279 670 Eius
1320 635 1478 670 unum
1515 624 1653 686 quod
1691 634 1886 678 certum
1925 635 1978 678 et

133 711 479 762 indubitatum
519 717 598 761 est
637 710 927 776 exemplum
964 709 1139 776 reperi
1176 709 1226 757 in
1266 724 1417 758 versu
1456 710 1593 774 apud
1631 712 1793 763 schol.
1826 717 1978 766 Euri·

135 798 272 864 pidis
310 799 508 850 Phoen.
546 798 679 848 215:
717 792 770 846 τί
816 795 992 846 ταῦτα
1033 791 1126 846 διὰ
1160 793 1389 863 μακρῶν
1424 790 1603 864 λόγων
1639 791 1980 869 ἁνέδραμονς

134 886 211 936 lta
247 888 384 936 enim
420 893 567 937 recte
604 885 857 936 Matthiae
894 886 1059 935 ulidit
1109 901 1171 934 ex
1219 885 1372 936 codd.
1410 901 1504 951 pro
1559 879 1614 934 τί
1658 884 1835 935 ταῦτα
1873 888 1980 938 τῶν

131 970 358 1038 μακρῶν
402 979 500 1023 etc.
597 974 716 1022 Hoc
771 973 930 1037 igitur
979 973 1216 1037 exemplo
1267 974 1408 1023 tueri'
1450 975 1573 1024 licet
1621 990 1772 1040 quam
1826 993 1981 1043 supra

132 1061 235 1111 vol.
274 1061 346 1111 ΙΙΙ
385 1077 433 1127 p.
471 1061 567 1111 431
628 1061 681 1110 in
731 1062 959 1110 carmine
994 1062 1065 1111 «le
1102 1060 1316 1111 Mulier.
1355 1077 1427 1112 vs.
1466 1062 1538 1112 43
1575 1063 1679 1114 feci
1718 1066 1980 1117 coniectu-

133 1164 260 1209 ram,
298 1149 386 1199 ubi
425 1164 581 1214 quum
621 1147 776 1214 vulgo
815 1149 1010 1200 editum
1052 1150 1148 1200 sit:
1188 1143 1289 1210 τὴν
1326 1142 1383 1198 δ’
1430 1144 1489 1198 ἔκ
1527 1164 1582 1199 τε
1621 1150 1854 1216 σποὸιῆς
1887 1155 1983 1204 καὶ

135 1234 520 1305 παλιντριβέος
566 1229 727 1295 ὄνου,
779 1238 1110 1288 scribendum
1166 1254 1282 1288 esse
1330 1240 1621 1305 suspicatus
1670 1258 1782 1293 sum
1833 1238 1890 1293 ἔκ
1929 1260 1983 1293 τε

138 1322 347 1386 πολιῆς.
402 1330 723 1392 Quamquam
761 1326 930 1392 possis
968 1327 1141 1387 etiam,
1178 1327 1271 1377 sed
1310 1343 1426 1377 cum
1467 1328 1665 1378 minore
1704 1332 1982 1395 probabili-

136 1419 272 1464 tate:
311 1410 412 1476 τὴν
449 1410 509 1463 δ’
546 1410 604 1464 ἔκ
640 1429 697 1463 τε
735 1410 933 1476 πελλῆς
969 1414 1062 1478 (de
1100 1431 1202 1479 quo
1242 1415 1359 1466 vide
1398 1431 1530 1480 quae
1569 1417 1602 1466 l.
1645 1417 1677 1467 Ι.
1718 1419 1864 1482 dixi),
1904 1421 1984 1470 vel

135 1497 241 1563 τὴν
288 1496 348 1551 δ’
386 1501 446 1553 ἐκ
490 1501 777 1565 σποδεὶης,
824 1503 966 1569 quod
1013 1503 1323 1553 adiectivum
1372 1521 1402 1554 a
1440 1499 1647 1564 σποδὸς
1695 1515 1840 1558 recte
1874 1508 1985 1558 for·
2075 1522 2079 1526 ·

134 1593 265 1642 mari
291 1576 456 1659 'posse
494 1612 596 1646 non
639 1595 854 1644 dubium
894 1598 974 1642 est
1011 1591 1079 1655 Ἴ.
1170 1593 1446 1656 Aliquanto
1483 1594 1599 1659 plus
1636 1595 1734 1645 sibi
1773 1595 1986 1647 indulsit

135 1680 509 1744 Archilochus,
547 1684 634 1748 qui
673 1681 932 1745 dactylum
972 1680 1054 1737 vel
1091 1680 1409 1730 tribrachum
1446 1681 1496 1730 in
1535 1682 1598 1732 iis
1635 1698 1765 1748 quos
1802 1699 1988 1751 super-

137 1768 286 1818 stites
334 1770 581 1822 babemus
642 1769 888 1820 trimetris
938 1769 1171 1819 iambicis
1222 1774 1405 1834 quater
1460 1769 1683 1820 admisit.
1778 1773 1986 1839 Fragm.

136 1855 288 1909 xvu
325 1858 391 1909 2:
445 1852 572 1909 οὐδ’
607 1849 818 1926 ἐρατός,
856 1844 971 1916 οἷος
1005 1850 1158 1925 ἀμφὶ
1192 1851 1383 1924 Σίριος
1431 1850 1563 1926 ῥοάς
1599 1861 1693 1920 **).
1779 1860 1986 1927 Fragm.

139 1945 295 1997 xlx:
346 1942 519 1996 κλαίω
565 1943 636 1997 τὰ
677 1938 933 2004 Θασίων,
971 1937 1036 1994 οὐ
1079 1940 1145 1993 τὰ
1186 1937 1509 2011 Μαγνήτων
1542 1939 1699 1997 κακά.
1780 1949 1987 2016 Fragm.

139 2033 261 2085 ΧΧΙ
298 2036 364 2086 δε
401 2033 557 2085 θεῶν
591 2031 740 2105 ἔργα,
771 2025 1008 2100 μεγάλης
1046 2024 1103 2079 δ’
1127 2024 1225 2082 οὐκ
1253 2030 1356 2100 ἐρῶ
1382 2028 1722 2102 τυραννίδος.
1781 2038 1988 2104 Fragm.

140 2121 265 2173 xx=
315 2116 346 2172 ὁ
396 2117 455 2173 δ’
489 2117 695 2186 Ἀσίης
742 2117 1003 2189 καρτερὸν
1048 2114 1423 2190 μηλοτρόφου.
1513 2124 1644 2174 Nam
1695 2125 1836 2175 aliud
1883 2124 1990 2177 fra-

139 2216 406 2279 gmentum
442 2228 474 2264 a
507 2212 906 2265 Schneidewino
953 2210 1198 2260 omissum
1245 2210 1383 2276 apud
1422 2211 1633 2264 Aristot.
1675 2213 1826 2265 Polit.
1866 2215 1991 2267 Vn!

141 2316 194 2367 p.
237 2301 404 2351 1328:
439 2296 509 2351 σὺ
544 2298 649 2368 γὰρ
686 2297 755 2363 δὴ
793 2297 916 2367 περὶ
953 2295 1133 2364 (μ’λων
1167 2291 1426 2365 άπήγχεο,
1464 2300 1529 2350 ad
1569 2302 1861 2354 trocliaicos
1897 2321 1991 2370 po·

142 2389 245 2439 tius
293 2406 445 2455 quam
488 2390 555 2440 ad
602 2391 849 2440 iambicos
896 2403 1140 2438 numeros
1190 2390 1557 2440 revocaverim.
1659 2389 1795 2440 Satis
1855 2393 1994 2442 enim

142 2478 413 2545 probabile
458 2484 538 2529 est
584 2478 715 2528 haec
763 2477 920 2527 verba
971 2491 1033 2525 ex
1085 2477 1352 2543 praeclaro
1401 2478 1494 2528 illo
1555 2479 1783 2528 carmine
1833 2481 1994 2545 petita

142 2582 258 2618 esse
295 2566 442 2617 cuius
474 2566 578 2617 hoc
615 2573 695 2618 est
731 2568 966 2618 initium:
1022 2563 1171 2632 Θυμὲ
1209 2558 1377 2632 θύμ’,
1430 2558 1800 2633 ἇμηχάνοισιν
1837 2562 1995 2635 ἄλγε-

143 2668 235 2705 σιν
279 2650 548 2719 κυκώμενε
599 2661 700 2705 etc.
798 2657 895 2706 Cui
946 2657 1279 2706 coniecturae
1336 2655 1448 2721 ipsa
1498 2655 1792 2707 Aristotelis
1840 2658 1996 2707 verba

142 2744 301 2795 iidem
347 2742 563 2804 faciunt,
625 2758 689 2793 ex
740 2744 927 2810 qulbus
988 2742 1308 2808 intellegitur
1355 2756 1506 2792 auum
1553 2743 1717 2808 ipsius
1768 2746 1994 2796 animum

143 2837 352 2898 poetam
390 2831 722 2898 compellare.
808 2832 884 2884 lta
933 2833 1067 2883 enim
1119 2831 1209 2881 ille
1247 2830 1483 2881 disserit:
1535 2824 1672 2899 πρὸς
1721 2826 1826 2899 γὰρ
1873 2828 1999 2894 τοὺς

263 2988 309 3041 ·)
339 2985 551 3032 Consulto
589 2988 715 3032 omisi
756 2988 996 3033 Simonidis
1040 3003 1214 3033 versum
1255 2989 1372 3045 apud
1412 2988 1599 3041 Etymol.
1646 2989 1708 3031 M.
1750 3004 1790 3046 p.
1822 2992 1909 3035 634
1947 2993 1996 3036 6:

148 3062 223 3104 καὶ
251 3064 329 3117 τῆς
360 3062 551 3107 ὄπισθεν
582 3059 838 3121 ὄρσοθὺρης
866 3061 1092 3121 ἠλσάμην,
1135 3063 1206 3107 ubi
1241 3058 1542 3120 ὄρσοθυρίδος
1578 3066 1814 3110 tentabam.
1876 3067 1999 3111 Dixit

147 3137 202 3180 de
234 3137 318 3181 boc
346 3152 473 3182 versu
504 3139 662 3183 alicubi
694 3140 955 3193 Lobecffins,
987 3141 1064 3183 sed
1097 3143 1236 3183 locum
1269 3154 1356 3183 non
1389 3139 1607 3182 meminis.

243 3235 304 3286 ¹⁸⁴)
335 3232 402 3274 Ad
441 3231 554 3277 bunc
591 3235 734 3277 locum
774 3233 918 3277 resero
958 3236 1142 3289 glossam
1186 3233 1408 3288 lle-sychii,
1444 3228 1597 3290 Ἀμφ’
1630 3233 1828 3291 ’Λκίριος
1866 3232 1995 3292 dode:

145 3299 318 3364 Ἀκιρις
355 3306 581 3363 ποταμός,
622 3323 677 3351 ex
707 3323 791 3365 qua
822 3308 929 3352 satis
961 3309 1284 3353 memorabilem
1325 3307 1522 3352 lectionis
1553 3308 1806 3351 varietatem
1844 3310 1997 3352 nanci-

150 3380 323 3425 scimur.
393 3383 541 3426 Acii-in
587 3384 762 3427 fluvium
808 3398 942 3442 prope
982 3385 1240 3429 Heracleam
1285 3389 1526 3430 memorant
1557 3386 1714 3429 Strabo
1747 3385 1803 3428 Vl
1836 3398 1876 3442 p.
1911 3386 1998 3429 264

148 3461 192 3503 et
224 3457 391 3502 Plinius
423 3458 522 3502 HN.
556 3459 612 3502 m
646 3461 696 3502 11
733 3460 800 3505 15.
