2202 3918
672 199 778 255 ΥΠ
785 197 885 252 OB
891 195 1294 252 ΑΛΛΟΜΕΝ
1295 197 1393 250 ΑΙ.
1848 206 1955 259 507

99 351 359 420 cupiendo,
397 353 454 400 ut
491 347 863 414 interpretatur
886 345 1171 408 Dobr'aeun,
1208 342 1498 395 tentissime
1534 343 1726 398 dieitur
1761 349 1822 412 is,
1861 350 1952 416 qui

99 455 164 491 ex
199 439 372 506 rhytio
410 436 570 497 bibit,
619 435 766 486 euius
814 450 950 501 quae
998 434 1167 486 forma
1215 432 1376 484 fuerit
1425 431 1620 484 indicat
1658 435 1953 491 Dorotheus

98 527 341 579 Sidonius
379 523 518 592 apud
557 523 747 575 Athen.
784 541 835 590 p.
874 524 982 574 498
1001 539 1057 574 e:
1106 519 1176 573 τὰ
1223 515 1362 593 ῥυτὰ
1410 518 1635 588 κέρασιν
1670 512 1841 588 ὅμοια
1878 513 1953 575 εἶ.

97 628 207 674 ναι,
246 609 645 680 διατετρημένα
683 605 739 660 δ’
778 598 948 672 εἶναι,
982 607 1041 674 ἐξ
1071 597 1156 660 &fv
1190 601 1582 680 κρουνιζόντων
1615 606 1822 671 λεπταῖς
1855 608 1954 663 κά-

97 700 288 752 τωθεν
323 697 599 752 πίνουσιν.
632 692 979 765 ὠνομάσθαι
1014 716 1072 749 τε
1096 693 1210 750 ἀπὸ
1238 695 1334 762 τῆς
1356 690 1563 768 ῥύσεως
1578 699 1649 764 1”).
1686 698 1956 755 Efflueute

98 793 302 858 liquore
335 796 541 842 acutum
573 789 762 839 edebat
793 790 1086 856 strepitum,
1117 794 1174 840 ut
1194 788 1436 854 Hedylus
1457 791 1679 839 testatur
1696 788 1956 856 epigram-

98 886 238 932 mate
272 880 464 930 ibidem
505 878 641 944 apud
684 876 874 927 Athen.
912 885 1117 928 servato
1156 894 1230 928 vs.
1268 878 1301 926 3
1339 870 1497 941 λιγίν
1532 861 1668 942 ἦχον
1704 872 1954 940 σαλπίζει

96 963 331 1033 κρουνοῦ
374 963 510 1032 πρὸς
554 957 715 1034 ῥύσιν
762 954 1072 1030 σι’γομένου.
1161 965 1337 1017 Verba
1385 957 1678 1032 ἀμφότερα
1723 958 1787 1013 δ’
1829 958 1956 1016 οἰω-

95 1049 317 1121 νίζομαι
351 1055 623 1105 Dobraeus
662 1053 816 1103 vertit
861 1053 904 1103 J
928 1054 1040 1105 will
1076 1053 1197 1114 bet,
1246 1058 1300 1103 et
1345 1051 1571 1104 fortasse
1607 1054 1795 1107 tertiae
1831 1073 1952 1123 per·

100 1159 261 1196 sonae
298 1143 574 1194 tribuenda
611 1159 727 1194 esse
766 1149 958 1194 monet.
999 1167 1065 1180 --
1089 1142 1177 1195 Vs.
1203 1141 1236 1191 4
1275 1133 1534 1209 περιάγει,
1574 1149 1749 1195 tecum
1785 1146 1954 1209 dacia,

101 1249 205 1283 non
258 1232 562 1283 tentandum
607 1238 735 1283 erat.
819 1232 902 1283 Ad
940 1231 1210 1298 sequentia
1248 1229 1328 1281 cfr
1364 1231 1667 1283 Eustathius
1706 1233 1772 1284 ad
1811 1233 1954 1286 Iliad.

100 1313 163 1388 ψ’
219 1338 272 1387 p.
314 1321 453 1370 1394
503 1321 571 1371 10
620 1322 766 1371 Basa
824 1317 1082 1389 Δίᾳιλος·
1134 1314 1302 1390 ῥυτὸν
1344 1316 1631 1389 χωροῦντα
1682 1317 1781 1371 δύο
1820 1319 1960 1390 χοᾶς

100 1410 247 1473 (sie),
286 1402 351 1459 ὃν
388 1402 514 1458 οὐδ’
546 1401 619 1457 ἄν
653 1405 852 1478 ἐλέφας
888 1403 1046 1479 ἐκπίῃ
1085 1411 1245 1475 (810)·
1283 1407 1378 1458 καὶ
1417 1404 1727 1476 σημείωσαι
1762 1407 1825 1461 τὸ
1863 1414 1957 1482 ῥυ-

99 1492 193 1556 τός
227 1493 486 1546 ἐνταῦθα
526 1491 832 1565 ἀρσενικόν.
908 1499 1012 1550 Ubi
1051 1499 1189 1564 quod
1228 1498 1439 1565 Diphilo
1477 1499 1608 1550 haee
1646 1499 1853 1565 tribuit,
1900 1501 1957 1553 id

101 1602 221 1638 eum
258 1587 449 1638 fecisse
487 1585 551 1636 ab
598 1587 858 1651 epitomae
906 1593 1122 1637 auctore
1170 1587 1472 1652 deceptum,
1523 1589 1611 1655 qui
1648 1595 1766 1655 post
1802 1606 1957 1658 supe-

103 1677 211 1728 rius
248 1675 445 1743 Diphili
481 1674 835 1726 testimonium
888 1675 952 1725 ab
992 1674 1262 1726 Athenaeo
1301 1670 1561 1742 prolatum
1601 1679 1792 1729 omisso
1829 1680 1958 1746 Epi-

97 1765 201 1817 niei
239 1765 447 1817 nomine
483 1763 554 1814 ita
592 1770 911 1830 perrexerat,
949 1761 1043 1813 καὶ
1079 1758 1276 1813 πάλιν·
1316 1760 1484 1834 ῥυτὸν
1513 1762 1804 1833 χωροῦντα
1840 1765 1959 1820 κτλ.

98 1855 299 1905 monuit
318 1853 865 1920 SchweighaeuseruS.
906 1853 984 1903 De
1022 1853 1306 1903 masculino
1344 1869 1542 1920 genere
1579 1854 1780 1908 fallitur
1815 1857 1958 1910 haud

99 1942 257 1994 dubie
293 1944 623 2005 Euatathiu8‚
662 1948 905 2009 corrupta
943 1943 1043 1993 loci
1079 1943 1308 1994 lectione
1347 1943 1617 2009 deeeptus,
1676 1976 1745 1987 -—
1795 1947 1887 2000 Vs,
1922 1946 1959 1999 5

100 2031 287 2098 scripsi
317 2026 534 2097 χωροῦν
568 2046 662 2096 pro
694 2027 1001 2097 χωροῦντα,
1037 2036 1090 2082 et
1129 2030 1301 2082 delevi
1336 2031 1476 2097 quod
1513 2031 1630 2082 libri
1670 2038 1789 2084 ante
1825 2027 1955 2084 οὐδ’

100 2119 297 2170 habent
333 2108 416 2172 ὅν.
467 2119 734 2170 Dobraeus
765 2115 981 2187 χωροῦν
1018 2112 1118 2168 δίο
1150 2114 1305 2186 χόας,
1344 2109 1467 2169 οἷον
1503 2113 1631 2170 οὐδ’
1673 2112 1745 2170 ἂν
1781 2118 1960 2175 ἐκπίοι

101 2205 318 2276 ἐλέφας.
392 2207 498 2259 Sed
535 2208 651 2274 ipae
688 2207 905 2260 dubitat.
958 2235 1027 2244 --
1075 2207 1164 2261 Vs,
1203 2210 1236 2259 6
1273 2205 1331 2259 δὲ
1368 2209 1568 2261 addidit
1601 2209 1957 2283 Casaubonue.

18 2282 19 2285 Ἴ
103 2297 235 2349 lbid.
274 2292 438 2346 τοῦτο
472 2289 528 2362 γ’
550 2294 836 2347 ἐκπέπωκα
872 2298 1058 2364 scripsi
1095 2313 1190 2365 pro
1217 2294 1380 2348 τοῦτο
1404 2296 1651 2350 πέπωκα.
1685 2300 1957 2352 Dobraeus

17 2403 19 2417 ⁴
102 2383 325 2456 ἐλέφας·
363 2379 460 2450 ἐγώ
504 2378 656 2433 τοῦτ’
695 2382 996 2435 ἐκπέπωκα.
1034 2411 1106 2422 -·
1141 2387 1233 2439 Vs,
1260 2388 1313 2438 ⁷.
1353 2386 1432 2438 cfr
1471 2388 1847 2455 Diogenianum
1888 2389 1959 2442 1V
2026 2398 2028 2403 ’

100 2476 189 2528 43.
223 2467 568 2542 Ἕλέᾳαντος
604 2469 883 2542 διαφέρεις
919 2468 1107 2527 ούὸἑνε
1159 2472 1249 2525 ἐπὶ
1288 2471 1396 2524 τῶν
1442 2469 1836 2538 ἀναισθήτων.
1888 2507 1958 2517 -

99 2565 193 2619 Vn.
230 2565 264 2615 9
314 2560 497 2630 ἕτερον
539 2556 779 2631 τριήρης.
863 2565 1164 2616 Athenaeus
1215 2584 1266 2633 p.
1302 2566 1410 2617 500
1431 2566 1478 2617 f:
1526 2556 1612 2615 ὅτι
1659 2564 1754 2615 καὶ
1805 2559 1961 2634 τριή-

18 2635 21 2638 4
101 2670 199 2724 ρης
244 2638 390 2711 εἶδος
425 2644 763 2716 ἐκπώματος,
804 2645 1087 2713 Ἐπίνικος
1134 2651 1192 2702 ἐν
1234 2647 1754 2719 “Υποβαλλομε’ναις
1794 2651 1961 2718 δεδή-

102 2740 254 2794 λωκε.
330 2735 651 2808 προείρηται
698 2736 755 2790 δὲ
806 2736 869 2790 τὸ
920 2734 1244 2811 μαρτύριον.
1323 2742 1476 2807 Quod
1526 2744 1761 2809 sequitur
1799 2737 1956 2794 τοῦτ’

104 2828 236 2891 ἴσως
271 2829 565 2895 Schweigh.
606 2829 844 2880 debetur.
919 2830 1088 2898 Vulgo
1135 2825 1297 2879 τοῖτο
1336 2823 1417 2888 τίς
1455 2824 1535 2880 οὐ.
1611 2831 1740 2883 Cod.
1779 2833 1825 2884 A
1862 2827 1964 2883 τοῦ

22 2927 23 2930 ’
102 2936 187 2981 τις
221 2913 285 2972 ὦ.
374 2918 644 2968 Postrema
682 2919 838 2970 verba
875 2906 985 2968 εἷεν
1022 2916 1182 2985 δέχου
1214 2916 1307 2968 καὶ
1345 2915 1540 2981 τοῦτο,
1597 2920 1761 2986 primo
1798 2920 1962 2972 inter·-

22 3048 23 3051 ,
102 3009 327 3063 locuturi
357 3007 518 3073 magis
549 3006 672 3057 mihi
710 3010 989 3060 convenire
1014 3009 1321 3059 videbantur
1359 3024 1510 3075 quam
1552 3009 1718 3071 alteri,
1758 3025 1820 3060 ex
1858 3026 1960 3075 quo

106 3113 435 3168 cenaequens
473 3102 552 3147 eet
575 3111 755 3148 versus
792 3099 825 3148 9
864 3105 917 3149 et
958 3100 1024 3149 10
1056 3099 1119 3149 ab
1156 3097 1258 3148 hoc
1294 3097 1459 3149 altero
1499 3099 1725 3163 recitari,
1763 3099 1850 3166 qui
1878 3100 1958 3151 his

216 3320 259 3371 ⁸)
297 3317 415 3361 Male
456 3317 527 3359 alii
577 3311 662 3361 ἀπὸ
712 3313 793 3363 τοῦ
832 3319 1015 3379 ῥυτίδας
1066 3321 1175 3371 ἔχειν
1229 3316 1520 3359 deducebant.
1605 3315 1787 3360 l‘hotius
1842 3318 1952 3359 Lex.

103 3406 148 3448 1».
176 3390 263 3435 493
307 3394 346 3436 1.
379 3389 546 3436 Ῥυιὰε
592 3392 705 3441 εἶδος
746 3393 925 3451 φιαλῶν.
986 3391 1098 3447 τάχα
1142 3393 1188 3436 δὲ
1231 3395 1326 3435 οἷον
1365 3393 1545 3450 ῥυτίδας
1587 3392 1660 3435 καὶ
1702 3389 1954 3446 συναγωγὰς

103 3469 304 3521 ‘lovanium
