2202 3918
460 195 900 253 commotum
939 178 1478 250 ANONYMORUM.
1814 201 1920 254 aaa

58 360 248 413 ρωνος,
285 334 384 393 οὐκ
420 332 492 388 ἂν
530 332 862 403 ἀπέκρυψαν
898 335 954 387 οἱ
988 330 1237 404 κωμικοί.
1325 340 1400 388 Ac
1438 345 1639 391 constat
1679 343 1922 396 Philoxe-

61 450 183 486 num
223 430 432 484 comicis
458 429 629 496 poetis
668 429 864 495 largam
903 428 1106 478 ridendi
1142 427 1446 494 praebuisse
1485 432 1770 483 materiem.
1844 433 1924 483 De

62 520 358 574 nominibus
419 518 574 584 quale
626 526 708 570 est
755 509 970 566 δούλων
1034 516 1113 567 cfr
1168 515 1485 568 Lobeckium
1537 517 1601 566 ad
1649 513 1924 586 Sophoclis

61 611 203 662 Aiac.
241 627 294 676 p.
336 611 459 661 167.
548 611 627 662 De
674 624 734 659 re
771 607 884 673 ipsa
921 606 965 656 si
1015 605 1250 671 quaeris,
1301 604 1570 655 Philoxeni
1620 610 1925 661 servitutem

63 703 286 749 testatur
329 699 468 750 haud
518 697 677 749 dubie
723 696 910 747 Suidas
961 711 1002 746 s.
1041 689 1088 745 ‘v.
1134 686 1448 756 Φιλόξενος.
1522 680 1682 753 οὗτος
1720 689 1928 764 ἀνδρα-

65 782 459 836 ποδισθέντων
495 778 606 835 τῶν
636 778 952 853 Κυθηρίων
990 777 1097 833 ὑπὸ
1124 775 1587 849 Λακεδαιμονίων
1621 775 1926 851 ἠγοράσθη

66 868 176 925 ὑπὸ
233 868 545 940 'Arcadi-ov
603 870 751 932 τινος
796 872 892 922 καὶ
940 865 1039 922 ὑπ’
1089 868 1261 922 αὐτοῦ
1309 863 1540 941 ἐτράφη.
1628 871 1742 937 Ωιιί
1789 873 1930 939 quod

68 963 345 1029 Cytherius
384 981 413 1012 a
451 962 874 1012 Lacedaemoniis
913 956 1449 1026 ἀνδραποδισθῆναι
1489 960 1615 1011 dicit
1653 976 1769 1011 cum
1807 976 1931 1028 por-

0 1034 199 1123 Jtenti
249 1051 416 1101 simile
466 1052 549 1112 sit,
603 1050 778 1099 iicebit
827 1048 1013 1114 opinor
1061 1051 1410 1100 coniecturam
1458 1050 1739 1116 periclitari
1777 1050 1931 1112 hanc,

0 1133 3 1254 h
70 1146 130 1190 ut
184 1139 613 1191 Lacedaemoniis
663 1138 1043 1188 substituantur
1090 1137 1436 1190 Athenienses
1477 1142 1544 1202 *).
1632 1138 1933 1191 Referenda

72 1236 248 1279 autem
293 1230 385 1280 illa
432 1235 552 1280 sunt
601 1226 667 1279 ad
703 1227 902 1278 insulae
940 1227 1079 1278 illius
1117 1244 1212 1293 per
1252 1228 1597 1280 Athenienses
1634 1228 1933 1296 occupatio-

2 1336 4 1370 ι
74 1332 195 1367 nem
235 1334 380 1380 eam,
430 1333 564 1384 quae
602 1322 784 1383 quarto
819 1333 952 1367 anno
994 1317 1201 1384 Olymp.
1239 1317 1560 1371 LXXXVIII
1612 1318 1762 1369 Nicia
1799 1319 1935 1370 duce

3 1409 5 1415 '
74 1405 264 1458 effecta
301 1413 414 1469 est,
465 1422 567 1473 quo
618 1412 855 1472 tempore
895 1404 1244 1469 Philoxenus,
1292 1405 1379 1472 qui
1420 1407 1627 1474 Olymp.
1665 1407 1936 1461 LXXXVI

73 1509 209 1544 anno
258 1494 486 1548 secundo
531 1501 681 1546 natus
730 1500 810 1545 est
858 1493 1032 1555 (Hist.
1085 1495 1200 1546 crit.
1237 1513 1287 1562 p.
1325 1496 1461 1559 89),
1507 1512 1698 1548 annum
1748 1497 1936 1564 agebat

75 1581 362 1645 decimum,
413 1599 545 1649 quae
595 1588 739 1633 aetas
788 1584 986 1647 optime
1034 1584 1273 1651 congruit
1310 1601 1427 1636 cum
1467 1601 1530 1635 eo
1570 1585 1708 1650 quod
1746 1584 1933 1637 Suidas

77 1670 229 1733 dicit,
280 1672 619 1725 Philoxenum
666 1674 729 1723 ab
782 1673 1007 1739 Agesylo
1055 1671 1278 1736 quodam
1329 1672 1580 1723 nutritum
1638 1663 1772 1725 esse.
1855 1675 1936 1726 De

75 1759 166 1810 illa
204 1761 597 1812 Atheniensium
636 1762 968 1837 expeditique
1019 1761 1137 1811 vide
1175 1760 1416 1827 Thucyd.
1458 1761 1529 1813 lV
1568 1760 1638 1811 53
1673 1761 1761 1813 54.
1812 1762 1937 1813 Dio-

79 1848 193 1901 dor.
230 1850 334 1901 Sic.
372 1850 471 1902 Xll
511 1850 598 1902 65.
639 1851 900 1902 Plutarch.
944 1851 1005 1903 V.
1028 1842 1158 1900 Nic.
1194 1851 1379 1917 cap.6.
1454 1851 1598 1902 Nihil
1635 1852 1691 1902 hi
1725 1852 1938 1918 quidem

80 1938 149 1989 de
204 1939 572 2006 Cytheriorum
630 1932 1087 2009 ἀνδραποδισμῷ.
1183 1941 1252 1991 At
1306 1939 1515 1990 videtur
1580 1940 1770 1992 Suidas
1827 1942 1938 1993 sive

13 2084 15 2102 i
80 2040 238 2092 quem
276 2026 321 2077 is
357 2033 620 2078 auctorem
657 2034 910 2094 sequutus
949 2035 1054 2089 est,
1106 2027 1246 2092 quod
1292 2029 1383 2078 uni
1434 2029 1651 2080 alterive
1702 2046 1766 2081 eo
1806 2035 1938 2082 tem-

12 2103 15 2171 ⁴,
82 2129 214 2181 pore
249 2115 504 2167 incertum
542 2133 669 2182 quas
707 2117 773 2167 oh
812 2131 995 2167 causas
1031 2115 1237 2179 accidit,
1274 2121 1474 2168 temere
1512 2118 1578 2169 ad
1615 2134 1795 2170 omnes
1833 2119 1939 2187 Cy-

83 2202 283 2257 therios
321 2206 663 2259 transtulisse.

844 2276 897 2305 “
938 2276 1100 2328 CXXI
1107 2276 1171 2328 11.

226 2381 542 2449 Hesychius,
593 2379 879 2451 Δραχμὴ
922 2380 1330 2449 χαλαζῶσαε
1381 2380 1472 2434 ἐπὶ
1509 2379 1940 2454 Διοφάντουτό

83 2467 360 2539 θεωρικὸν
396 2465 605 2535 ἐγένετο
644 2464 881 2539 δραχμή.
966 2472 1234 2523 Zenobius
1275 2474 1349 2524 111
1388 2476 1456 2526 27
1487 2475 1567 2526 his
1604 2476 1776 2535 addit:
1826 2473 1946 2528 ἐπεὶ

20 2603 21 2606 ,
85 2555 144 2610 δὲ
195 2553 351 2609 ἔπεσε
392 2552 611 2626 χάλαζα
663 2554 784 2609 τότε
831 2553 945 2610 ἀπὸ
996 2557 1096 2609 τοῦ
1144 2553 1327 2628 ἀέρος,
1384 2560 1720 2629 χαλαζῶσαν
1765 2558 1946 2628 αὐτὴν

83 2644 447 2701 ἐπέσκωπτον.
526 2649 603 2699 De
639 2665 699 2699 re
737 2650 855 2700 vide
894 2650 1142 2700 Boeckhii
1167 2651 1369 2703 Oecon..
1393 2658 1482 2703 att.
1528 2653 1548 2703 1
1589 2654 1782 2720 p.239.
1821 2655 1946 2706 Dio-

83 2734 310 2803 phantus
347 2737 544 2788 archon
582 2742 693 2788 erat
731 2738 935 2805 Olymp.
980 2738 1144 2790 xcvi
1182 2740 1236 2791 2.

898 2866 1133 2919 CXXIV.

230 2971 562 3043 Hesychius„
597 2947 1201 3039 'E72a7.0'omzst;=
1252 2971 1305 3022 οἱ
1348 2968 1426 3040 μὴ
1477 2967 1839 3035 ἀποδιδόντες
1877 2969 1946 3025 τὰ

63 3054 217 3142 (χρέα
266 3061 324 3111 ἐν
373 3056 559 3121 κάλοις
606 3057 965 3129 ἐδεσμεύοντο
1012 3058 1139 3122 τοὺς
1187 3060 1382 3122 πόδας.
1457 3065 1814 3116 Certissimum
1869 3069 1950 3116 est

85 3148 192 3203 hoc
228 3167 329 3203 non
370 3152 614 3203 usitatum
654 3161 706 3203 et
744 3160 1013 3221 receptum
1056 3153 1311 3205 eiusmodi
1339 3154 1631 3207 debitorum
1658 3151 1947 3225 cognomen

89 3238 271 3304 talne,
309 3242 402 3293 aed
442 3242 638 3293 comico
675 3242 791 3294 lusu
831 3244 1027 3294 fictum.

202 3381 244 3436 ⁰)
273 3378 622 3439 Λακεδαιμόνιοι
652 3388 699 3429 et
722 3381 969 3440 Ἀθηναῖοι
998 3388 1297 3442 permutantur
1325 3385 1457 3431 eiiam
1486 3385 1606 3431 alibi.
1668 3385 1767 3430 Vid.
1800 3388 1886 3431 vol.
1908 3387 1944 3430 ll

98 3467 141 3512 p.
171 3456 272 3502 658.
