2202 3918
297 230 402 284 854
995 226 1444 280 FRAGMENTA

302 378 359 424 ut
395 372 524 423 alios
561 371 738 421 facere
777 369 946 434 video,
984 383 1204 436 quorum
1241 369 1372 420 adeo
1407 384 1574 436 genus

301 475 634 512 numerosum
674 461 725 510 in
766 461 894 511 urbe
933 466 1029 520 est,
1070 459 1253 509 molles
1291 459 1586 525 alipilarios.

1141 546 1279 598 XLI.

302 638 430 706 Quis
469 642 626 704 gente
663 638 715 688 in
754 637 1020 688 hominum
1058 642 1159 687 tam
1197 636 1384 703 supine
1422 642 1501 687 est
1538 637 1801 701 credulnS,

306 731 396 776 aut
432 727 620 776 stultus
660 727 790 777 adeo
831 732 927 788 est,
967 727 1054 792 qui
1094 727 1231 777 Deos
1270 725 1529 778 existimet

303 828 397 866 seu
437 815 551 866 bilis
591 822 754 878 ustae,
795 816 902 866 sive
942 815 1222 866 crudorum
1264 816 1480 877 ossium,

299 904 532 970 proiecta
570 919 702 969 quae
742 906 822 956 vix
860 911 1038 972 tangat
1077 905 1316 956 esuriens
1352 906 1511 967 canis,

298 993 530 1058 gaudere
568 993 733 1057 donis,
771 994 928 1060 idque
965 995 1152 1045 honori
1192 994 1404 1058 ducere,

298 1079 712 1146 facientibusque
751 1084 967 1149 gratiam
1005 1083 1300 1150 reponere?

302 1257 452 1308 Natis
490 1273 767 1309 novercam
804 1258 964 1324 siquis
1000 1258 1200 1310 induxit
1238 1259 1366 1320 suis,

298 1363 483 1414 expers
524 1346 783 1398 honorum
822 1347 958 1397 vivat
996 1352 1154 1413 atque
1190 1347 1445 1414 inglorius

296 1435 350 1486 in
390 1436 614 1498 civitate,
654 1435 846 1502 quippe
885 1436 972 1501 qui
1010 1436 1240 1502 prudens
1279 1437 1472 1487 malum

298 1523 396 1574 sibi
434 1524 706 1574 accersivit
742 1526 794 1575 in
832 1540 958 1575 suae
995 1523 1234 1575 fraudem
1275 1524 1481 1575 domus·

294 1628 412 1663 nam
451 1614 618 1679 prima
655 1628 767 1663 sors
806 1613 1031 1679 coniugii
1070 1613 1112 1663 si
1151 1614 1305 1663 cessit
1344 1614 1495 1676 bene,

294 1702 348 1752 in
387 1701 490 1752 hoc
527 1703 664 1752 bono
704 1702 1008 1767 acquiesce:
1046 1702 1089 1753 si
1130 1703 1318 1752 cecidit
1356 1703 1512 1765 male,

293 1789 483 1841 iterum
521 1791 776 1856 periclum
815 1790 1011 1852 facere,
1049 1807 1247 1841 summa
1283 1792 1485 1841 insania
1526 1797 1626 1842 est.

1102 1877 1358 1928 CXCVII.

846 1947 861 1961 ⁴
941 1965 1178 2015 Garrulis
1217 1979 1439 2029 namque
1479 1964 1721 2017 omnibus

293 2051 465 2105 forata
503 2059 583 2105 est
621 2053 796 2121 lingua
836 2060 982 2119 parte
1021 2071 1050 2104 a
1088 2069 1287 2104 summa
1325 2053 1390 2103 ad
1427 2053 1674 2103 infimam.

1083 2143 1368 2194 CXCVlll.

293 2230 557 2297 Quaedam
596 2231 742 2282 illum
780 2246 956 2282 musca
994 2232 1272 2282 momordit
1310 2230 1468 2281 corde
1500 2230 1551 2280 in
1592 2231 1789 2282 intimo.

571 2302 574 2307 ’
1026 2320 1432 2372 cccxxxvii.

294 2405 352 2456 si
389 2407 550 2456 scires
589 2408 728 2473 quod
766 2426 869 2459 non
904 2408 1027 2459 vixit
1067 2410 1219 2471 vitae,
1257 2409 1311 2458 id
1351 2425 1504 2460 omne
1545 2410 1595 2459 ei

293 2493 458 2544 fuisse
496 2495 730 2546 futurum
770 2497 1090 2547 fortunatum
1129 2498 1403 2562 perpetim,

294 2582 470 2633 fuerat
506 2599 646 2633 mors
684 2585 972 2634 immatura.
1048 2592 1100 2634 at
1136 2601 1259 2635 vero
1299 2586 1504 2651 longius

296 2686 482 2720 aevum
522 2672 728 2722 tulisset
766 2674 809 2723 si
849 2674 972 2738 quid
1009 2674 1356 2734 intolerabile,

295 2759 542 2810 rediisses
580 2760 711 2826 ipse,
751 2768 895 2828 puto,
933 2778 1051 2812 cum
1090 2767 1259 2811 morte
1297 2762 1348 2812 in
1387 2763 1625 2828 gratiam.

1031 2851 1405 2903 CCLXXXlX.

295 2937 467 2987 Gratis
507 2954 748 3003 soporem
788 2940 934 2990 nobis
973 2957 1090 2991 cum
1131 2940 1371 2990 dederint
1410 2941 1514 3002 dei,

296 3027 421 3091 quid
459 3027 606 3076 illum
646 3034 1002 3095 sumptuosum
1041 3030 1134 3078 tibi
1173 3035 1340 3079 tumet
1377 3029 1548 3079 facis?

1102 3118 1328 3168 CCXCl.

290 3203 532 3255 Alienum
571 3205 769 3266 vitium,
809 3222 940 3270 quae
980 3213 1066 3256 tua
1106 3210 1185 3256 est
1222 3207 1531 3272 malignitas

290 3299 441 3342 acute
479 3294 669 3355 cernis,
707 3301 758 3343 at
797 3300 939 3345 tuum
980 3295 1353 3362 praetervides.
1430 3318 1432 3320 ’

1126 3383 1302 3433 CCCI.

288 3468 518 3519 Canities
557 3469 679 3520 hinc
720 3487 801 3521 me
843 3471 1050 3537 ablegat
1088 3470 1416 3521 illocabilem,
