<?xml version="1.0" encoding="UTF-8"?>
<!DOCTYPE html PUBLIC "-//W3C//DTD XHTML 1.0 Transitional//EN"
    "http://www.w3.org/TR/xhtml1/DTD/xhtml1-transitional.dtd">
<html xmlns="http://www.w3.org/1999/xhtml" xml:lang="en" lang="en">
 <head>
  <title>
</title>
<meta http-equiv="Content-Type" content="text/html;charset=utf-8" />
  <meta name='ocr-system' content='tesseract 3.04.00' />
  <meta name='ocr-capabilities' content='ocr_page ocr_carea ocr_par ocr_line ocrx_word'/>
</head>
<body>
  <div class='ocr_page' id='page_1' title='image "./fragmentacomicor04meinuoft_0392.png"; bbox 0 0 2202 3918; ppageno 0'>
   <div class='ocr_carea' id='block_1_1' title="bbox 196 228 1316 295">
    <p class='ocr_par' dir='ltr' id='par_1_1' title="bbox 196 228 1316 295">
     <span class='ocr_line' id='line_1_1' title="bbox 196 228 1316 295; baseline -0.005 -1"><span class='ocrx_word' id='word_1_1' title='bbox 196 243 303 295; x_wconf 82' lang='grc'><strong>379</strong></span> <span class='ocrx_word' id='word_1_2' title='bbox 679 265 683 268; x_wconf 91' lang='grc'><em>·</em></span> <span class='ocrx_word' id='word_1_3' title='bbox 937 228 1316 289; x_wconf 79' lang='lat' dir='ltr'><strong>MENANDm</strong></span> 
     </span>
    </p>
   </div>
   <div class='ocr_carea' id='block_1_2' title="bbox 199 376 2070 1512">
    <p class='ocr_par' dir='ltr' id='par_1_2' title="bbox 199 376 2070 1512">
     <span class='ocr_line' id='line_1_2' title="bbox 199 376 2060 452; baseline -0.003 -18"><span class='ocrx_word' id='word_1_4' title='bbox 199 378 543 452; x_wconf 76' lang='grc' dir='ltr'><strong>γεραιτέρας,</strong></span> <span class='ocrx_word' id='word_1_5' title='bbox 607 387 666 434; x_wconf 89' lang='lat' dir='ltr'><strong>ut</strong></span> <span class='ocrx_word' id='word_1_6' title='bbox 727 396 788 432; x_wconf 82' lang='lat' dir='ltr'><strong>ex</strong></span> <span class='ocrx_word' id='word_1_7' title='bbox 835 376 1088 444; x_wconf 78' lang='lat' dir='ltr'>Euripide</span> <span class='ocrx_word' id='word_1_8' title='bbox 1145 376 1320 428; x_wconf 77' lang='lat' dir='ltr'><strong>laudat</strong></span> <span class='ocrx_word' id='word_1_9' title='bbox 1368 376 1513 430; x_wconf 87' lang='lat' dir='ltr'><strong>Stob.</strong></span> <span class='ocrx_word' id='word_1_10' title='bbox 1553 377 1696 430; x_wconf 81' lang='lat' dir='ltr'><strong>Flor.</strong></span> <span class='ocrx_word' id='word_1_11' title='bbox 1736 376 1842 430; x_wconf 74' lang='lat'><strong>115</strong></span> <span class='ocrx_word' id='word_1_12' title='bbox 1889 377 1942 429; x_wconf 78' lang='lat'><strong>8.</strong></span> <span class='ocrx_word' id='word_1_13' title='bbox 1990 404 2060 414; x_wconf 92' lang='lat'><strong>--</strong></span> 
     </span>
     <span class='ocr_line' id='line_1_3' title="bbox 199 461 2058 538; baseline -0.005 -12"><span class='ocrx_word' id='word_1_14' title='bbox 199 473 298 526; x_wconf 76' lang='lat' dir='ltr'><strong>Vn.</strong></span> <span class='ocrx_word' id='word_1_15' title='bbox 337 469 445 523; x_wconf 84' lang='grc'><strong>425</strong></span> <span class='ocrx_word' id='word_1_16' title='bbox 483 485 577 538; x_wconf 89' lang='lat' dir='ltr'><strong>pro</strong></span> <span class='ocrx_word' id='word_1_17' title='bbox 614 464 718 536; x_wconf 79' lang='grc' dir='ltr'><strong>γὰρ</strong></span> <span class='ocrx_word' id='word_1_18' title='bbox 756 467 926 518; x_wconf 88' lang='lat' dir='ltr'><strong>editus</strong></span> <span class='ocrx_word' id='word_1_19' title='bbox 964 461 1035 515; x_wconf 88' lang='grc' dir='ltr'><strong>οἱ.</strong></span> <span class='ocrx_word' id='word_1_20' title='bbox 1108 464 1179 516; x_wconf 90' lang='lat' dir='ltr'><strong>V.</strong></span> <span class='ocrx_word' id='word_1_21' title='bbox 1217 480 1373 531; x_wconf 89' lang='lat' dir='ltr'><strong>supra</strong></span> <span class='ocrx_word' id='word_1_22' title='bbox 1409 483 1460 532; x_wconf 89' lang='lat' dir='ltr'><strong>p.</strong></span> <span class='ocrx_word' id='word_1_23' title='bbox 1499 467 1618 517; x_wconf 82' lang='lat'><strong>105.</strong></span> <span class='ocrx_word' id='word_1_24' title='bbox 1681 493 1753 506; x_wconf 88' lang='lat'><strong>-—</strong></span> <span class='ocrx_word' id='word_1_25' title='bbox 1815 466 1913 518; x_wconf 83' lang='lat' dir='ltr'><strong>Vs.</strong></span> <span class='ocrx_word' id='word_1_26' title='bbox 1950 465 2058 518; x_wconf 90' lang='grc'><strong>429</strong></span> 
     </span>
     <span class='ocr_line' id='line_1_4' title="bbox 202 551 2062 614; baseline -0.006 1"><span class='ocrx_word' id='word_1_27' title='bbox 202 560 549 614; x_wconf 74' lang='lat' dir='ltr'><strong>chaeremoni</strong></span> <span class='ocrx_word' id='word_1_28' title='bbox 587 555 830 608; x_wconf 78' lang='lat' dir='ltr'><strong>tribuitur</strong></span> <span class='ocrx_word' id='word_1_29' title='bbox 867 570 896 604; x_wconf 84' lang='lat' dir='ltr'><strong>a</strong></span> <span class='ocrx_word' id='word_1_30' title='bbox 934 554 1160 605; x_wconf 89' lang='lat' dir='ltr'><strong>Stobaeo</strong></span> <span class='ocrx_word' id='word_1_31' title='bbox 1192 553 1336 604; x_wconf 87' lang='lat' dir='ltr'><strong>Flor.</strong></span> <span class='ocrx_word' id='word_1_32' title='bbox 1357 554 1427 603; x_wconf 86' lang='grc'><strong>20</strong></span> <span class='ocrx_word' id='word_1_33' title='bbox 1464 554 1550 604; x_wconf 92' lang='grc'><strong>16.</strong></span> <span class='ocrx_word' id='word_1_34' title='bbox 1589 555 1677 605; x_wconf 88' lang='lat' dir='ltr'><strong>ubi</strong></span> <span class='ocrx_word' id='word_1_35' title='bbox 1715 555 1885 607; x_wconf 78' lang='lat' dir='ltr'><strong>editur</strong></span> <span class='ocrx_word' id='word_1_36' title='bbox 1922 551 2062 605; x_wconf 82' lang='grc' dir='ltr'><strong><em>πολ-</em></strong></span> 
     </span>
     <span class='ocr_line' id='line_1_5' title="bbox 200 634 2059 718; baseline -0.005 -17"><span class='ocrx_word' id='word_1_37' title='bbox 200 646 329 711; x_wconf 83' lang='grc' dir='ltr'><em>λοὺς</em></span> <span class='ocrx_word' id='word_1_38' title='bbox 364 666 459 718; x_wconf 84' lang='lat' dir='ltr'><strong>pro</strong></span> <span class='ocrx_word' id='word_1_39' title='bbox 497 638 691 698; x_wconf 82' lang='grc' dir='ltr'><strong>πολλά.</strong></span> <span class='ocrx_word' id='word_1_40' title='bbox 726 669 798 682; x_wconf 91' lang='lat'><strong>—-</strong></span> <span class='ocrx_word' id='word_1_41' title='bbox 833 641 929 694; x_wconf 89' lang='lat' dir='ltr'><strong>Vs.</strong></span> <span class='ocrx_word' id='word_1_42' title='bbox 969 642 1072 692; x_wconf 82' lang='lat'><strong>431</strong></span> <span class='ocrx_word' id='word_1_43' title='bbox 1115 646 1226 692; x_wconf 87' lang='lat' dir='ltr'><strong>erat</strong></span> <span class='ocrx_word' id='word_1_44' title='bbox 1265 634 1681 707; x_wconf 83' lang='grc' dir='ltr'><em>δυστυχηκόσιν.</em></span> <span class='ocrx_word' id='word_1_45' title='bbox 1718 675 1789 684; x_wconf 81' lang='lat'><strong>—-</strong></span> <span class='ocrx_word' id='word_1_46' title='bbox 1815 644 1913 696; x_wconf 82' lang='lat' dir='ltr'><strong>Vs.</strong></span> <span class='ocrx_word' id='word_1_47' title='bbox 1952 644 2059 695; x_wconf 83' lang='lat'><strong>434</strong></span> 
     </span>
     <span class='ocr_line' id='line_1_6' title="bbox 200 729 2062 807; baseline -0.004 -14"><span class='ocrx_word' id='word_1_48' title='bbox 200 738 443 807; x_wconf 80' lang='lat' dir='ltr'><strong>Euripidi</strong></span> <span class='ocrx_word' id='word_1_49' title='bbox 479 733 725 786; x_wconf 89' lang='lat' dir='ltr'><strong>tribuitur</strong></span> <span class='ocrx_word' id='word_1_50' title='bbox 762 748 792 782; x_wconf 89' lang='lat' dir='ltr'><strong>a</strong></span> <span class='ocrx_word' id='word_1_51' title='bbox 829 729 1011 782; x_wconf 84' lang='lat' dir='ltr'><strong>Grotio</strong></span> <span class='ocrx_word' id='word_1_52' title='bbox 1049 732 1175 782; x_wconf 85' lang='lat' dir='ltr'><strong>Exc.</strong></span> <span class='ocrx_word' id='word_1_53' title='bbox 1201 747 1252 797; x_wconf 89' lang='lat' dir='ltr'><strong>p.</strong></span> <span class='ocrx_word' id='word_1_54' title='bbox 1280 731 1402 781; x_wconf 89' lang='grc'><strong>429.</strong></span> <span class='ocrx_word' id='word_1_55' title='bbox 1442 730 1666 782; x_wconf 87' lang='lat' dir='ltr'><strong>fortasse</strong></span> <span class='ocrx_word' id='word_1_56' title='bbox 1703 737 1917 798; x_wconf 81' lang='lat' dir='ltr'><strong>propter</strong></span> <span class='ocrx_word' id='word_1_57' title='bbox 1952 734 2062 786; x_wconf 89' lang='lat' dir='ltr'><strong>Ne·-</strong></span> 
     </span>
     <span class='ocr_line' id='line_1_7' title="bbox 205 813 2064 887; baseline -0.006 -6"><span class='ocrx_word' id='word_1_58' title='bbox 205 829 423 881; x_wconf 88' lang='lat' dir='ltr'><strong>mesium</strong></span> <span class='ocrx_word' id='word_1_59' title='bbox 462 826 528 875; x_wconf 92' lang='lat' dir='ltr'><strong>de</strong></span> <span class='ocrx_word' id='word_1_60' title='bbox 566 823 682 875; x_wconf 87' lang='lat' dir='ltr'><strong>Nat.</strong></span> <span class='ocrx_word' id='word_1_61' title='bbox 723 821 881 872; x_wconf 88' lang='lat' dir='ltr'><strong>Hom.</strong></span> <span class='ocrx_word' id='word_1_62' title='bbox 920 837 971 887; x_wconf 86' lang='lat' dir='ltr'><strong>p.</strong></span> <span class='ocrx_word' id='word_1_63' title='bbox 996 820 1128 870; x_wconf 79' lang='lat'><strong>321:</strong></span> <span class='ocrx_word' id='word_1_64' title='bbox 1163 813 1468 887; x_wconf 80' lang='grc' dir='ltr'><em>Εὐριπίδης</em></span> <span class='ocrx_word' id='word_1_65' title='bbox 1505 815 1563 869; x_wconf 79' lang='grc' dir='ltr'><strong>δὲ</strong></span> <span class='ocrx_word' id='word_1_66' title='bbox 1599 817 1695 869; x_wconf 86' lang='grc' dir='ltr'><strong>καὶ</strong></span> <span class='ocrx_word' id='word_1_67' title='bbox 1732 816 2064 887; x_wconf 83' lang='grc' dir='ltr'><em>Μένανδρος</em></span> 
     </span>
     <span class='ocr_line' id='line_1_8' title="bbox 204 901 2064 979; baseline -0.003 -11"><span class='ocrx_word' id='word_1_68' title='bbox 204 913 306 968; x_wconf 86' lang='grc' dir='ltr'><strong>τὸν</strong></span> <span class='ocrx_word' id='word_1_69' title='bbox 352 909 486 965; x_wconf 79' lang='grc' dir='ltr'><em>νοῦν</em></span> <span class='ocrx_word' id='word_1_70' title='bbox 547 908 605 961; x_wconf 74' lang='grc' dir='ltr'><strong>ἐν</strong></span> <span class='ocrx_word' id='word_1_71' title='bbox 664 903 871 979; x_wconf 77' lang='grc' dir='ltr'><em>ἑκάστῳ</em></span> <span class='ocrx_word' id='word_1_72' title='bbox 930 906 1076 975; x_wconf 68' lang='grc' dir='ltr'><em>φασὶ</em></span> <span class='ocrx_word' id='word_1_73' title='bbox 1133 906 1387 976; x_wconf 79' lang='grc' dir='ltr'><em>προνοεῖν</em></span> <span class='ocrx_word' id='word_1_74' title='bbox 1433 901 1679 960; x_wconf 76' lang='grc' dir='ltr'><strong>ἑκάστου.</strong></span> <span class='ocrx_word' id='word_1_75' title='bbox 1768 910 2064 963; x_wconf 84' lang='lat' dir='ltr'><strong>Menandro</strong></span> 
     </span>
     <span class='ocr_line' id='line_1_9' title="bbox 205 996 2066 1065; baseline -0.005 -7"><span class='ocrx_word' id='word_1_76' title='bbox 205 1004 430 1058; x_wconf 88' lang='lat' dir='ltr'><strong>eundem</strong></span> <span class='ocrx_word' id='word_1_77' title='bbox 467 1016 674 1055; x_wconf 83' lang='lat' dir='ltr'><strong>versum</strong></span> <span class='ocrx_word' id='word_1_78' title='bbox 712 997 893 1050; x_wconf 88' lang='lat' dir='ltr'><strong>tribuit</strong></span> <span class='ocrx_word' id='word_1_79' title='bbox 930 998 1156 1049; x_wconf 87' lang='lat' dir='ltr'><strong>Tzetzes</strong></span> <span class='ocrx_word' id='word_1_80' title='bbox 1194 1000 1357 1065; x_wconf 83' lang='lat' dir='ltr'><strong>Exeg.</strong></span> <span class='ocrx_word' id='word_1_81' title='bbox 1398 996 1543 1049; x_wconf 83' lang='lat' dir='ltr'><strong>Iliad.</strong></span> <span class='ocrx_word' id='word_1_82' title='bbox 1581 1015 1631 1065; x_wconf 91' lang='lat' dir='ltr'><strong>p.</strong></span> <span class='ocrx_word' id='word_1_83' title='bbox 1652 998 1722 1050; x_wconf 84' lang='lat'><strong>53</strong></span> <span class='ocrx_word' id='word_1_84' title='bbox 1743 1003 1797 1050; x_wconf 92' lang='lat' dir='ltr'><strong>et</strong></span> <span class='ocrx_word' id='word_1_85' title='bbox 1817 1000 1904 1051; x_wconf 91' lang='grc'><strong>67.</strong></span> <span class='ocrx_word' id='word_1_86' title='bbox 1969 997 2066 1051; x_wconf 86' lang='lat' dir='ltr'><strong>Cfr</strong></span> 
     </span>
     <span class='ocr_line' id='line_1_10' title="bbox 206 1086 2066 1162; baseline -0.004 -16"><span class='ocrx_word' id='word_1_87' title='bbox 206 1110 367 1162; x_wconf 80' lang='lat' dir='ltr'><strong>supra</strong></span> <span class='ocrx_word' id='word_1_88' title='bbox 402 1109 454 1160; x_wconf 90' lang='lat' dir='ltr'><strong>p.</strong></span> <span class='ocrx_word' id='word_1_89' title='bbox 492 1092 579 1142; x_wconf 87' lang='grc'><strong>99.</strong></span> <span class='ocrx_word' id='word_1_90' title='bbox 669 1089 876 1139; x_wconf 87' lang='lat' dir='ltr'><strong>Partem</strong></span> <span class='ocrx_word' id='word_1_91' title='bbox 923 1086 1083 1138; x_wconf 87' lang='lat' dir='ltr'><strong>habet</strong></span> <span class='ocrx_word' id='word_1_92' title='bbox 1136 1087 1291 1139; x_wconf 86' lang='lat' dir='ltr'><strong>etiam</strong></span> <span class='ocrx_word' id='word_1_93' title='bbox 1331 1087 1640 1138; x_wconf 80' lang='lat' dir='ltr'><strong>Plutarchus</strong></span> <span class='ocrx_word' id='word_1_94' title='bbox 1664 1089 1889 1162; x_wconf 66' lang='lat' dir='ltr'><strong>quaest.</strong></span> <span class='ocrx_word' id='word_1_95' title='bbox 1915 1087 2066 1139; x_wconf 71' lang='lat' dir='ltr'><strong>Plat.</strong></span> 
     </span>
     <span class='ocr_line' id='line_1_11' title="bbox 203 1175 2060 1251; baseline -0.003 -18"><span class='ocrx_word' id='word_1_96' title='bbox 203 1200 256 1251; x_wconf 83' lang='lat' dir='ltr'><strong>p.</strong></span> <span class='ocrx_word' id='word_1_97' title='bbox 295 1181 467 1232; x_wconf 68' lang='lat'><strong>9990.</strong></span> <span class='ocrx_word' id='word_1_98' title='bbox 550 1175 646 1230; x_wconf 74' lang='lat' dir='ltr'><strong>cn·</strong></span> <span class='ocrx_word' id='word_1_99' title='bbox 692 1176 959 1228; x_wconf 86' lang='lat' dir='ltr'><strong>lamblich.</strong></span> <span class='ocrx_word' id='word_1_100' title='bbox 1002 1177 1170 1227; x_wconf 87' lang='lat' dir='ltr'><strong>Protr.</strong></span> <span class='ocrx_word' id='word_1_101' title='bbox 1210 1193 1258 1242; x_wconf 88' lang='lat' dir='ltr'><strong>p.</strong></span> <span class='ocrx_word' id='word_1_102' title='bbox 1300 1175 1403 1224; x_wconf 82' lang='lat'><strong>138</strong></span> <span class='ocrx_word' id='word_1_103' title='bbox 1450 1175 1531 1225; x_wconf 89' lang='lat' dir='ltr'><strong>ed.</strong></span> <span class='ocrx_word' id='word_1_104' title='bbox 1572 1175 1734 1227; x_wconf 88' lang='lat' dir='ltr'><strong>Kiesl.</strong></span> <span class='ocrx_word' id='word_1_105' title='bbox 1785 1181 1839 1226; x_wconf 90' lang='lat' dir='ltr'><strong>et</strong></span> <span class='ocrx_word' id='word_1_106' title='bbox 1893 1175 2060 1227; x_wconf 84' lang='lat' dir='ltr'><strong>schol.</strong></span> 
     </span>
     <span class='ocr_line' id='line_1_12' title="bbox 211 1263 2066 1338; baseline -0.004 -15"><span class='ocrx_word' id='word_1_107' title='bbox 211 1269 483 1338; x_wconf 77' lang='lat' dir='ltr'><strong>Euripidis</strong></span> <span class='ocrx_word' id='word_1_108' title='bbox 522 1266 716 1317; x_wconf 86' lang='lat' dir='ltr'><strong>Troad.</strong></span> <span class='ocrx_word' id='word_1_109' title='bbox 754 1266 877 1316; x_wconf 83' lang='lat'><strong>884.</strong></span> <span class='ocrx_word' id='word_1_110' title='bbox 953 1264 1104 1317; x_wconf 89' lang='lat' dir='ltr'><strong>Adde</strong></span> <span class='ocrx_word' id='word_1_111' title='bbox 1142 1264 1369 1314; x_wconf 86' lang='lat' dir='ltr'><strong>Gataker</strong></span> <span class='ocrx_word' id='word_1_112' title='bbox 1404 1264 1469 1314; x_wconf 80' lang='lat' dir='ltr'><strong>ad</strong></span> <span class='ocrx_word' id='word_1_113' title='bbox 1509 1265 1698 1315; x_wconf 84' lang='lat' dir='ltr'><strong>Anton.</strong></span> <span class='ocrx_word' id='word_1_114' title='bbox 1735 1263 1836 1316; x_wconf 82' lang='grc' dir='ltr'><strong>ΧΠ</strong></span> <span class='ocrx_word' id='word_1_115' title='bbox 1874 1282 1924 1332; x_wconf 90' lang='lat' dir='ltr'><strong>p.</strong></span> <span class='ocrx_word' id='word_1_116' title='bbox 1945 1263 2066 1315; x_wconf 83' lang='lat'><strong>358.</strong></span> 
     </span>
     <span class='ocr_line' id='line_1_13' title="bbox 207 1353 2070 1420; baseline -0.004 -7"><span class='ocrx_word' id='word_1_117' title='bbox 207 1359 437 1413; x_wconf 74' lang='lat' dir='ltr'><strong>Fallitur</strong></span> <span class='ocrx_word' id='word_1_118' title='bbox 474 1355 724 1409; x_wconf 85' lang='lat' dir='ltr'><strong>Valcken.</strong></span> <span class='ocrx_word' id='word_1_119' title='bbox 762 1354 926 1405; x_wconf 84' lang='lat' dir='ltr'><strong>Diatr.</strong></span> <span class='ocrx_word' id='word_1_120' title='bbox 965 1370 1017 1420; x_wconf 90' lang='lat' dir='ltr'><strong>p.</strong></span> <span class='ocrx_word' id='word_1_121' title='bbox 1057 1353 1162 1402; x_wconf 90' lang='grc'><strong>238</strong></span> <span class='ocrx_word' id='word_1_122' title='bbox 1210 1353 1470 1403; x_wconf 86' lang='lat' dir='ltr'><strong>senarium</strong></span> <span class='ocrx_word' id='word_1_123' title='bbox 1520 1358 1755 1404; x_wconf 82' lang='lat' dir='ltr'><strong>nostrum</strong></span> <span class='ocrx_word' id='word_1_124' title='bbox 1806 1370 1837 1404; x_wconf 83' lang='lat' dir='ltr'><strong>a</strong></span> <span class='ocrx_word' id='word_1_125' title='bbox 1886 1354 2070 1405; x_wconf 85' lang='lat' dir='ltr'><strong>Grotio</strong></span> 
     </span>
     <span class='ocr_line' id='line_1_14' title="bbox 208 1433 2068 1512; baseline -0.003 -14"><span class='ocrx_word' id='word_1_126' title='bbox 208 1449 391 1498; x_wconf 87' lang='lat' dir='ltr'><strong>fictum</strong></span> <span class='ocrx_word' id='word_1_127' title='bbox 428 1448 631 1512; x_wconf 78' lang='lat' dir='ltr'><strong>putans·</strong></span> <span class='ocrx_word' id='word_1_128' title='bbox 695 1474 766 1484; x_wconf 85' lang='lat'><strong>--</strong></span> <span class='ocrx_word' id='word_1_129' title='bbox 819 1442 917 1494; x_wconf 84' lang='lat' dir='ltr'><strong>Vs.</strong></span> <span class='ocrx_word' id='word_1_130' title='bbox 955 1442 1061 1492; x_wconf 88' lang='grc'><strong>436</strong></span> <span class='ocrx_word' id='word_1_131' title='bbox 1098 1441 1257 1493; x_wconf 87' lang='lat' dir='ltr'><strong>verba</strong></span> <span class='ocrx_word' id='word_1_132' title='bbox 1295 1433 1423 1490; x_wconf 73' lang='grc' dir='ltr'><em>οὐδὲ</em></span> <span class='ocrx_word' id='word_1_133' title='bbox 1458 1433 1519 1490; x_wconf 72' lang='grc' dir='ltr'><strong>ἓν</strong></span> <span class='ocrx_word' id='word_1_134' title='bbox 1553 1438 1737 1509; x_wconf 79' lang='grc' dir='ltr'><em>μεῖζον</em></span> <span class='ocrx_word' id='word_1_135' title='bbox 1770 1436 1941 1492; x_wconf 81' lang='grc' dir='ltr'><em>κακὸν</em></span> <span class='ocrx_word' id='word_1_136' title='bbox 1976 1443 2068 1493; x_wconf 85' lang='lat' dir='ltr'><strong>ad-</strong></span> 
     </span>
    </p>
   </div>
   <div class='ocr_carea' id='block_1_3' title="bbox 210 1510 2182 1681">
    <p class='ocr_par' dir='ltr' id='par_1_3' title="bbox 210 1510 2182 1681">
     <span class='ocr_line' id='line_1_15' title="bbox 211 1510 2182 1609; baseline -0.003 -21"><span class='ocrx_word' id='word_1_137' title='bbox 211 1535 320 1587; x_wconf 87' lang='lat' dir='ltr'><strong>didi</strong></span> <span class='ocrx_word' id='word_1_138' title='bbox 359 1550 390 1586; x_wconf 90' lang='lat' dir='ltr'><strong>e</strong></span> <span class='ocrx_word' id='word_1_139' title='bbox 425 1532 587 1585; x_wconf 86' lang='lat' dir='ltr'><strong>Vind.</strong></span> <span class='ocrx_word' id='word_1_140' title='bbox 628 1531 663 1581; x_wconf 81' lang='lat'><strong>3</strong></span> <span class='ocrx_word' id='word_1_141' title='bbox 702 1536 755 1582; x_wconf 82' lang='lat' dir='ltr'><strong>et</strong></span> <span class='ocrx_word' id='word_1_142' title='bbox 790 1531 843 1582; x_wconf 83' lang='lat'><strong>4.</strong></span> <span class='ocrx_word' id='word_1_143' title='bbox 894 1559 966 1567; x_wconf 90' lang='lat'><strong>——-</strong></span> <span class='ocrx_word' id='word_1_144' title='bbox 1013 1532 1111 1582; x_wconf 83' lang='lat' dir='ltr'><strong>Vs.</strong></span> <span class='ocrx_word' id='word_1_145' title='bbox 1152 1530 1257 1580; x_wconf 82' lang='grc'><strong>439</strong></span> <span class='ocrx_word' id='word_1_146' title='bbox 1294 1531 1348 1582; x_wconf 89' lang='lat' dir='ltr'><strong>iu</strong></span> <span class='ocrx_word' id='word_1_147' title='bbox 1386 1526 1496 1599; x_wconf 79' lang='grc' dir='ltr'><strong>πῦρ</strong></span> <span class='ocrx_word' id='word_1_148' title='bbox 1531 1521 1606 1591; x_wconf 76' lang='grc' dir='ltr'><strong>εἰς</strong></span> <span class='ocrx_word' id='word_1_149' title='bbox 1648 1510 1777 1582; x_wconf 81' lang='lat' dir='ltr'><strong>latet</strong></span> <span class='ocrx_word' id='word_1_150' title='bbox 1814 1531 2070 1599; x_wconf 75' lang='lat' dir='ltr'><strong>genitivu·</strong></span> <span class='ocrx_word' id='word_1_151' title='bbox 2172 1526 2182 1609; x_wconf 38' lang='grc' dir='ltr'><em>ᾗ</em></span> 
     </span>
     <span class='ocr_line' id='line_1_16' title="bbox 210 1619 2179 1681; baseline -0.004 -4"><span class='ocrx_word' id='word_1_152' title='bbox 210 1621 518 1677; x_wconf 78' lang='lat' dir='ltr'><strong>substantivi</strong></span> <span class='ocrx_word' id='word_1_153' title='bbox 556 1620 791 1672; x_wconf 86' lang='lat' dir='ltr'><strong>dolorem</strong></span> <span class='ocrx_word' id='word_1_154' title='bbox 831 1620 913 1671; x_wconf 87' lang='lat' dir='ltr'><strong>vel</strong></span> <span class='ocrx_word' id='word_1_155' title='bbox 951 1621 1142 1671; x_wconf 89' lang='lat' dir='ltr'><strong>malum</strong></span> <span class='ocrx_word' id='word_1_156' title='bbox 1180 1619 1472 1672; x_wconf 87' lang='lat' dir='ltr'><strong>indicantis.</strong></span> <span class='ocrx_word' id='word_1_157' title='bbox 1511 1647 1577 1657; x_wconf 94' lang='lat'><strong>—</strong></span> <span class='ocrx_word' id='word_1_158' title='bbox 1624 1619 1721 1673; x_wconf 89' lang='lat' dir='ltr'><strong>Vs.</strong></span> <span class='ocrx_word' id='word_1_159' title='bbox 1757 1620 1864 1671; x_wconf 89' lang='grc'><strong>440</strong></span> <span class='ocrx_word' id='word_1_160' title='bbox 1901 1619 2070 1671; x_wconf 80' lang='lat' dir='ltr'><strong>delevi</strong></span> <span class='ocrx_word' id='word_1_161' title='bbox 2167 1624 2179 1681; x_wconf 65' lang='lat' dir='ltr'>s</span> 
     </span>
    </p>
   </div>
   <div class='ocr_carea' id='block_1_4' title="bbox 214 1701 2069 1768">
    <p class='ocr_par' dir='ltr' id='par_1_4' title="bbox 214 1701 2069 1768">
     <span class='ocr_line' id='line_1_17' title="bbox 214 1701 2069 1768; baseline -0.002 -5"><span class='ocrx_word' id='word_1_162' title='bbox 214 1709 275 1762; x_wconf 73' lang='grc' dir='ltr'><strong>ἓν</strong></span> <span class='ocrx_word' id='word_1_163' title='bbox 310 1717 432 1763; x_wconf 84' lang='lat' dir='ltr'><strong>ante</strong></span> <span class='ocrx_word' id='word_1_164' title='bbox 469 1707 583 1768; x_wconf 82' lang='grc' dir='ltr'><strong><em>τοῖς</em></strong></span> <span class='ocrx_word' id='word_1_165' title='bbox 617 1724 737 1760; x_wconf 92' lang='lat' dir='ltr'><strong>cum</strong></span> <span class='ocrx_word' id='word_1_166' title='bbox 774 1709 934 1761; x_wconf 88' lang='lat' dir='ltr'><strong>Vind.</strong></span> <span class='ocrx_word' id='word_1_167' title='bbox 974 1711 1026 1762; x_wconf 87' lang='grc'><strong>3.</strong></span> <span class='ocrx_word' id='word_1_168' title='bbox 1098 1704 1168 1761; x_wconf 75' lang='lat' dir='ltr'><strong>At</strong></span> <span class='ocrx_word' id='word_1_169' title='bbox 1204 1708 1363 1759; x_wconf 85' lang='lat' dir='ltr'><strong>Vind.</strong></span> <span class='ocrx_word' id='word_1_170' title='bbox 1403 1710 1438 1759; x_wconf 84' lang='lat'><strong>4</strong></span> <span class='ocrx_word' id='word_1_171' title='bbox 1483 1705 1635 1758; x_wconf 80' lang='grc' dir='ltr'><em>ἐστιν</em></span> <span class='ocrx_word' id='word_1_172' title='bbox 1679 1704 1738 1758; x_wconf 79' lang='grc' dir='ltr'><strong>ἐν</strong></span> <span class='ocrx_word' id='word_1_173' title='bbox 1775 1701 1950 1759; x_wconf 79' lang='grc' dir='ltr'><strong>πόλει.</strong></span> <span class='ocrx_word' id='word_1_174' title='bbox 1997 1738 2069 1750; x_wconf 81' lang='lat'><strong>——-</strong></span> 
     </span>
    </p>
   </div>
   <div class='ocr_carea' id='block_1_5' title="bbox 212 1775 2162 1866">
    <p class='ocr_par' dir='ltr' id='par_1_5' title="bbox 212 1775 2162 1866">
     <span class='ocr_line' id='line_1_18' title="bbox 212 1775 2162 1866; baseline -0.003 -12"><span class='ocrx_word' id='word_1_175' title='bbox 212 1800 313 1853; x_wconf 81' lang='lat' dir='ltr'><strong>Vs.</strong></span> <span class='ocrx_word' id='word_1_176' title='bbox 355 1798 460 1849; x_wconf 91' lang='grc'>441</span> <span class='ocrx_word' id='word_1_177' title='bbox 510 1796 688 1848; x_wconf 84' lang='lat' dir='ltr'><strong>Guelf.</strong></span> <span class='ocrx_word' id='word_1_178' title='bbox 729 1801 784 1847; x_wconf 86' lang='lat' dir='ltr'><strong>et</strong></span> <span class='ocrx_word' id='word_1_179' title='bbox 819 1797 980 1848; x_wconf 88' lang='lat' dir='ltr'><strong>Vind.</strong></span> <span class='ocrx_word' id='word_1_180' title='bbox 1022 1796 1058 1846; x_wconf 85' lang='grc'>4</span> <span class='ocrx_word' id='word_1_181' title='bbox 1095 1789 1304 1866; x_wconf 76' lang='grc' dir='ltr'><em>ὀμνύῃς</em></span> <span class='ocrx_word' id='word_1_182' title='bbox 1342 1812 1437 1862; x_wconf 87' lang='lat' dir='ltr'><strong>pro</strong></span> <span class='ocrx_word' id='word_1_183' title='bbox 1474 1791 1737 1858; x_wconf 75' lang='grc' dir='ltr'><em>κάδίκως,</em></span> <span class='ocrx_word' id='word_1_184' title='bbox 1791 1813 1889 1849; x_wconf 89' lang='lat' dir='ltr'><strong>nec</strong></span> <span class='ocrx_word' id='word_1_185' title='bbox 1937 1797 2072 1848; x_wconf 76' lang='lat' dir='ltr'><strong>male</strong></span> <span class='ocrx_word' id='word_1_186' title='bbox 2156 1775 2162 1830; x_wconf 47' lang='grc' dir='ltr'><em>ἶ</em></span> 
     </span>
    </p>
   </div>
   <div class='ocr_carea' id='block_1_6' title="bbox 216 1878 2074 2574">
    <p class='ocr_par' dir='ltr' id='par_1_6' title="bbox 216 1878 2074 2574">
     <span class='ocr_line' id='line_1_19' title="bbox 216 1878 2074 1956; baseline -0.001 -17"><span class='ocrx_word' id='word_1_187' title='bbox 216 1890 262 1943; x_wconf 84' lang='lat' dir='ltr'><strong>si</strong></span> <span class='ocrx_word' id='word_1_188' title='bbox 300 1903 397 1956; x_wconf 86' lang='lat' dir='ltr'><strong>pro</strong></span> <span class='ocrx_word' id='word_1_189' title='bbox 435 1882 531 1936; x_wconf 83' lang='grc' dir='ltr'><strong>καὶ</strong></span> <span class='ocrx_word' id='word_1_190' title='bbox 568 1886 712 1952; x_wconf 86' lang='lat' dir='ltr'><strong>legas</strong></span> <span class='ocrx_word' id='word_1_191' title='bbox 749 1878 868 1935; x_wconf 77' lang='grc' dir='ltr'><strong>κᾶν.</strong></span> <span class='ocrx_word' id='word_1_192' title='bbox 931 1885 1037 1937; x_wconf 89' lang='lat' dir='ltr'><strong>Sed</strong></span> <span class='ocrx_word' id='word_1_193' title='bbox 1074 1889 1221 1935; x_wconf 88' lang='lat' dir='ltr'><strong>recte</strong></span> <span class='ocrx_word' id='word_1_194' title='bbox 1256 1884 1415 1935; x_wconf 75' lang='lat' dir='ltr'><strong>habet</strong></span> <span class='ocrx_word' id='word_1_195' title='bbox 1451 1886 1591 1938; x_wconf 83' lang='lat' dir='ltr'><strong>edita</strong></span> <span class='ocrx_word' id='word_1_196' title='bbox 1627 1886 1801 1938; x_wconf 88' lang='lat' dir='ltr'><strong>lectio.</strong></span> <span class='ocrx_word' id='word_1_197' title='bbox 1867 1887 2074 1938; x_wconf 84' lang='lat' dir='ltr'><strong>Similes</strong></span> 
     </span>
     <span class='ocr_line' id='line_1_20' title="bbox 216 1972 2073 2040; baseline -0.001 -12"><span class='ocrx_word' id='word_1_198' title='bbox 216 1991 400 2028; x_wconf 81' lang='lat' dir='ltr'><strong>versus</strong></span> <span class='ocrx_word' id='word_1_199' title='bbox 448 1973 661 2040; x_wconf 85' lang='lat' dir='ltr'><strong>collegit</strong></span> <span class='ocrx_word' id='word_1_200' title='bbox 708 1972 1136 2025; x_wconf 85' lang='lat' dir='ltr'><strong>Schneidewinus</strong></span> <span class='ocrx_word' id='word_1_201' title='bbox 1186 1972 1422 2023; x_wconf 85' lang='lat' dir='ltr'><strong>Goniect.</strong></span> <span class='ocrx_word' id='word_1_202' title='bbox 1470 1974 1582 2025; x_wconf 86' lang='lat' dir='ltr'><strong>crit.</strong></span> <span class='ocrx_word' id='word_1_203' title='bbox 1633 1990 1684 2040; x_wconf 89' lang='lat' dir='ltr'><strong>p.</strong></span> <span class='ocrx_word' id='word_1_204' title='bbox 1725 1975 1844 2025; x_wconf 92' lang='grc'><strong>176.</strong></span> <span class='ocrx_word' id='word_1_205' title='bbox 1890 1976 1947 2026; x_wconf 91' lang='lat' dir='ltr'><strong>in</strong></span> <span class='ocrx_word' id='word_1_206' title='bbox 1994 1976 2073 2027; x_wconf 83' lang='lat' dir='ltr'><strong>his</strong></span> 
     </span>
     <span class='ocr_line' id='line_1_21' title="bbox 220 2060 2074 2131; baseline -0.001 -14"><span class='ocrx_word' id='word_1_207' title='bbox 220 2066 376 2117; x_wconf 83' lang='lat' dir='ltr'><strong>ctiam</strong></span> <span class='ocrx_word' id='word_1_208' title='bbox 416 2061 625 2113; x_wconf 83' lang='lat' dir='ltr'><strong>Solonis</strong></span> <span class='ocrx_word' id='word_1_209' title='bbox 675 2061 847 2113; x_wconf 87' lang='lat' dir='ltr'><strong>locum</strong></span> <span class='ocrx_word' id='word_1_210' title='bbox 886 2077 1040 2127; x_wconf 91' lang='lat' dir='ltr'><strong>quem</strong></span> <span class='ocrx_word' id='word_1_211' title='bbox 1081 2060 1311 2112; x_wconf 83' lang='lat' dir='ltr'><strong>exhibuit</strong></span> <span class='ocrx_word' id='word_1_212' title='bbox 1355 2060 1410 2112; x_wconf 88' lang='lat' dir='ltr'><strong>iu</strong></span> <span class='ocrx_word' id='word_1_213' title='bbox 1447 2061 1665 2113; x_wconf 83' lang='lat' dir='ltr'><strong>Delectu</strong></span> <span class='ocrx_word' id='word_1_214' title='bbox 1703 2068 1845 2129; x_wconf 86' lang='lat' dir='ltr'><strong>poet.</strong></span> <span class='ocrx_word' id='word_1_215' title='bbox 1879 2066 1934 2131; x_wconf 83' lang='lat' dir='ltr'><strong>p.</strong></span> <span class='ocrx_word' id='word_1_216' title='bbox 1974 2064 2074 2115; x_wconf 69' lang='lat'><strong>352</strong></span> 
     </span>
     <span class='ocr_line' id='line_1_22' title="bbox 221 2142 2074 2221; baseline 0.001 -18"><span class='ocrx_word' id='word_1_217' title='bbox 221 2147 407 2221; x_wconf 79' lang='grc' dir='ltr'><em>ἀρχῶν</em></span> <span class='ocrx_word' id='word_1_218' title='bbox 443 2144 606 2201; x_wconf 75' lang='grc' dir='ltr'><em>ἄκουε</em></span> <span class='ocrx_word' id='word_1_219' title='bbox 642 2149 735 2201; x_wconf 86' lang='grc' dir='ltr'><strong>καὶ</strong></span> <span class='ocrx_word' id='word_1_220' title='bbox 773 2146 998 2209; x_wconf 80' lang='grc' dir='ltr'><em>δικαίως</em></span> <span class='ocrx_word' id='word_1_221' title='bbox 1035 2142 1290 2209; x_wconf 78' lang='grc' dir='ltr'><strong>κᾶὃίκως.</strong></span> <span class='ocrx_word' id='word_1_222' title='bbox 1374 2150 1453 2201; x_wconf 85' lang='lat' dir='ltr'><strong>lta</strong></span> <span class='ocrx_word' id='word_1_223' title='bbox 1490 2153 1631 2211; x_wconf 90' lang='lat' dir='ltr'><strong>enim</strong></span> <span class='ocrx_word' id='word_1_224' title='bbox 1664 2153 1953 2204; x_wconf 76' lang='lat' dir='ltr'><strong>rectissime</strong></span> <span class='ocrx_word' id='word_1_225' title='bbox 1989 2170 2074 2205; x_wconf 90' lang='lat' dir='ltr'><strong>re-</strong></span> 
     </span>
     <span class='ocr_line' id='line_1_23' title="bbox 222 2231 2070 2308; baseline 0 -13"><span class='ocrx_word' id='word_1_226' title='bbox 222 2242 391 2295; x_wconf 86' lang='lat' dir='ltr'><strong>stituit</strong></span> <span class='ocrx_word' id='word_1_227' title='bbox 428 2256 524 2307; x_wconf 88' lang='lat' dir='ltr'><strong>pro</strong></span> <span class='ocrx_word' id='word_1_228' title='bbox 562 2232 759 2308; x_wconf 78' lang='grc' dir='ltr'><strong>ἄρχων.</strong></span> <span class='ocrx_word' id='word_1_229' title='bbox 810 2272 878 2281; x_wconf 77' lang='lat'><strong>—-</strong></span> <span class='ocrx_word' id='word_1_230' title='bbox 915 2239 1012 2290; x_wconf 86' lang='lat' dir='ltr'><strong>Vs.</strong></span> <span class='ocrx_word' id='word_1_231' title='bbox 1051 2239 1158 2291; x_wconf 82' lang='lat'><strong>443</strong></span> <span class='ocrx_word' id='word_1_232' title='bbox 1192 2231 1274 2288; x_wconf 77' lang='grc' dir='ltr'><strong>δι’</strong></span> <span class='ocrx_word' id='word_1_233' title='bbox 1316 2255 1412 2306; x_wconf 85' lang='lat' dir='ltr'><strong>pro</strong></span> <span class='ocrx_word' id='word_1_234' title='bbox 1449 2232 1548 2290; x_wconf 83' lang='grc' dir='ltr'><strong>οὐκ</strong></span> <span class='ocrx_word' id='word_1_235' title='bbox 1586 2258 1647 2292; x_wconf 84' lang='lat' dir='ltr'><strong>ex</strong></span> <span class='ocrx_word' id='word_1_236' title='bbox 1686 2242 1801 2293; x_wconf 88' lang='lat' dir='ltr'><strong>cod.</strong></span> <span class='ocrx_word' id='word_1_237' title='bbox 1833 2242 2070 2295; x_wconf 88' lang='lat' dir='ltr'><strong>Boisson.</strong></span> 
     </span>
     <span class='ocr_line' id='line_1_24' title="bbox 220 2327 2071 2396; baseline 0 -14"><span class='ocrx_word' id='word_1_238' title='bbox 220 2329 417 2383; x_wconf 88' lang='lat' dir='ltr'><strong>Auecd.</strong></span> <span class='ocrx_word' id='word_1_239' title='bbox 459 2329 481 2379; x_wconf 91' lang='lat' dir='ltr'><strong>l</strong></span> <span class='ocrx_word' id='word_1_240' title='bbox 520 2345 570 2393; x_wconf 89' lang='lat' dir='ltr'><strong>p.</strong></span> <span class='ocrx_word' id='word_1_241' title='bbox 602 2328 723 2379; x_wconf 83' lang='lat'><strong>158.</strong></span> <span class='ocrx_word' id='word_1_242' title='bbox 761 2356 831 2368; x_wconf 80' lang='lat'><strong>—-</strong></span> <span class='ocrx_word' id='word_1_243' title='bbox 866 2327 965 2379; x_wconf 89' lang='lat' dir='ltr'><strong>Vs.</strong></span> <span class='ocrx_word' id='word_1_244' title='bbox 1002 2327 1108 2377; x_wconf 85' lang='lat'><strong>444</strong></span> <span class='ocrx_word' id='word_1_245' title='bbox 1145 2328 1264 2378; x_wconf 87' lang='lat' dir='ltr'><strong>vide</strong></span> <span class='ocrx_word' id='word_1_246' title='bbox 1301 2327 1364 2376; x_wconf 87' lang='lat' dir='ltr'><strong>ad</strong></span> <span class='ocrx_word' id='word_1_247' title='bbox 1403 2328 1547 2380; x_wconf 86' lang='lat' dir='ltr'><strong>Men.</strong></span> <span class='ocrx_word' id='word_1_248' title='bbox 1586 2329 1847 2396; x_wconf 82' lang='lat' dir='ltr'><strong>Hypobol.</strong></span> <span class='ocrx_word' id='word_1_249' title='bbox 1878 2345 1929 2396; x_wconf 83' lang='lat' dir='ltr'><strong>p.</strong></span> <span class='ocrx_word' id='word_1_250' title='bbox 1949 2331 2071 2383; x_wconf 86' lang='grc'><strong>212.</strong></span> 
     </span>
     <span class='ocr_line' id='line_1_25' title="bbox 222 2408 2073 2483; baseline 0.001 -15"><span class='ocrx_word' id='word_1_251' title='bbox 222 2447 294 2454; x_wconf 90' lang='lat'><strong>—-</strong></span> <span class='ocrx_word' id='word_1_252' title='bbox 328 2413 426 2468; x_wconf 75' lang='lat' dir='ltr'><strong>Vs,</strong></span> <span class='ocrx_word' id='word_1_253' title='bbox 464 2416 572 2467; x_wconf 87' lang='grc'>446</span> <span class='ocrx_word' id='word_1_254' title='bbox 609 2415 838 2470; x_wconf 61' lang='lat' dir='ltr'><strong>fortasse,</strong></span> <span class='ocrx_word' id='word_1_255' title='bbox 871 2408 1066 2482; x_wconf 77' lang='grc' dir='ltr'><strong><em>φίλους</em></strong></span> <span class='ocrx_word' id='word_1_256' title='bbox 1100 2421 1223 2483; x_wconf 85' lang='lat' dir='ltr'><strong>post</strong></span> <span class='ocrx_word' id='word_1_257' title='bbox 1260 2411 1496 2474; x_wconf 79' lang='grc' dir='ltr'><strong><em>πολλοὺς</em></strong></span> <span class='ocrx_word' id='word_1_258' title='bbox 1531 2418 1847 2483; x_wconf 88' lang='lat' dir='ltr'><strong>ponendum.</strong></span> <span class='ocrx_word' id='word_1_259' title='bbox 1886 2419 2073 2471; x_wconf 81' lang='lat' dir='ltr'><strong>Editus</strong></span> 
     </span>
     <span class='ocr_line' id='line_1_26' title="bbox 225 2496 2074 2574; baseline 0.001 -19"><span class='ocrx_word' id='word_1_260' title='bbox 225 2500 462 2564; x_wconf 79' lang='grc' dir='ltr'><em>πολλοὺς</em></span> <span class='ocrx_word' id='word_1_261' title='bbox 499 2498 529 2553; x_wconf 88' lang='grc' dir='ltr'>ὁ</span> <span class='ocrx_word' id='word_1_262' title='bbox 566 2520 613 2553; x_wconf 89' lang='grc' dir='ltr'><strong>κ.</strong></span> <span class='ocrx_word' id='word_1_263' title='bbox 653 2496 861 2571; x_wconf 76' lang='grc' dir='ltr'><em>ἄνδρας</em></span> <span class='ocrx_word' id='word_1_264' title='bbox 898 2496 997 2553; x_wconf 80' lang='grc' dir='ltr'><strong>οὐκ</strong></span> <span class='ocrx_word' id='word_1_265' title='bbox 1035 2496 1200 2562; x_wconf 80' lang='grc' dir='ltr'><em>ὄντας</em></span> <span class='ocrx_word' id='word_1_266' title='bbox 1238 2503 1397 2552; x_wconf 70' lang='grc' dir='ltr'><strong>ποιεῖ.</strong></span> <span class='ocrx_word' id='word_1_267' title='bbox 1456 2533 1527 2543; x_wconf 94' lang='grc'><strong>-</strong></span> <span class='ocrx_word' id='word_1_268' title='bbox 1579 2504 1676 2556; x_wconf 79' lang='lat' dir='ltr'><strong>Vs,</strong></span> <span class='ocrx_word' id='word_1_269' title='bbox 1713 2506 1820 2556; x_wconf 88' lang='grc'>449</span> <span class='ocrx_word' id='word_1_270' title='bbox 1856 2523 1953 2574; x_wconf 86' lang='lat' dir='ltr'><strong>pro</strong></span> <span class='ocrx_word' id='word_1_271' title='bbox 1990 2503 2074 2557; x_wconf 75' lang='grc' dir='ltr'><strong>δι-</strong></span> 
     </span>
    </p>
   </div>
   <div class='ocr_carea' id='block_1_7' title="bbox 227 2587 2146 2660">
    <p class='ocr_par' dir='ltr' id='par_1_7' title="bbox 227 2587 2146 2660">
     <span class='ocr_line' id='line_1_27' title="bbox 227 2587 2146 2660; baseline 0.002 -15"><span class='ocrx_word' id='word_1_272' title='bbox 227 2589 503 2653; x_wconf 81' lang='grc' dir='ltr'><em>δάσκαλος</em></span> <span class='ocrx_word' id='word_1_273' title='bbox 540 2593 710 2644; x_wconf 86' lang='lat' dir='ltr'><strong>editus</strong></span> <span class='ocrx_word' id='word_1_274' title='bbox 748 2587 1056 2660; x_wconf 80' lang='grc' dir='ltr'><strong>παραίτιος.</strong></span> <span class='ocrx_word' id='word_1_275' title='bbox 1095 2625 1166 2635; x_wconf 94' lang='lat'><strong>--</strong></span> <span class='ocrx_word' id='word_1_276' title='bbox 1201 2591 1298 2644; x_wconf 87' lang='lat' dir='ltr'><strong>Vs.</strong></span> <span class='ocrx_word' id='word_1_277' title='bbox 1319 2593 1442 2646; x_wconf 83' lang='lat'><strong>450.</strong></span> <span class='ocrx_word' id='word_1_278' title='bbox 1483 2588 1798 2645; x_wconf 85' lang='lat' dir='ltr'><strong>lta&#39;correxi</strong></span> <span class='ocrx_word' id='word_1_279' title='bbox 1837 2596 2072 2648; x_wconf 89' lang='lat' dir='ltr'><strong>ordinem</strong></span> <span class='ocrx_word' id='word_1_280' title='bbox 2138 2652 2146 2658; x_wconf 66' lang='grc'><strong>,</strong></span> 
     </span>
    </p>
   </div>
   <div class='ocr_carea' id='block_1_8' title="bbox 212 2674 2075 2838">
    <p class='ocr_par' dir='ltr' id='par_1_8' title="bbox 212 2674 2075 2838">
     <span class='ocr_line' id='line_1_28' title="bbox 225 2674 2073 2749; baseline -0.002 -12"><span class='ocrx_word' id='word_1_281' title='bbox 225 2685 504 2737; x_wconf 83' lang='lat' dir='ltr'><strong>verborum</strong></span> <span class='ocrx_word' id='word_1_282' title='bbox 543 2682 680 2749; x_wconf 85' lang='lat' dir='ltr'><strong>apud</strong></span> <span class='ocrx_word' id='word_1_283' title='bbox 717 2682 966 2734; x_wconf 86' lang='lat' dir='ltr'><strong>Schneid.</strong></span> <span class='ocrx_word' id='word_1_284' title='bbox 1005 2698 1060 2731; x_wconf 85' lang='grc' dir='ltr'><strong>π.</strong></span> <span class='ocrx_word' id='word_1_285' title='bbox 1101 2674 1265 2730; x_wconf 80' lang='grc' dir='ltr'><em>οὐδέν</em></span> <span class='ocrx_word' id='word_1_286' title='bbox 1301 2678 1418 2732; x_wconf 81' lang='grc' dir='ltr'><strong>ἐστι</strong></span> <span class='ocrx_word' id='word_1_287' title='bbox 1456 2678 1510 2747; x_wconf 80' lang='grc' dir='ltr'><strong>β.</strong></span> <span class='ocrx_word' id='word_1_288' title='bbox 1551 2698 1610 2748; x_wconf 78' lang='grc' dir='ltr'><strong>φ.</strong></span> <span class='ocrx_word' id='word_1_289' title='bbox 1685 2683 1874 2735; x_wconf 83' lang='lat' dir='ltr'><strong>Editus</strong></span> <span class='ocrx_word' id='word_1_290' title='bbox 1911 2677 2073 2734; x_wconf 82' lang='grc' dir='ltr'><em>οὐδέν</em></span> 
     </span>
     <span class='ocr_line' id='line_1_29' title="bbox 212 2768 2075 2838; baseline 0.002 -15"><span class='ocrx_word' id='word_1_291' title='bbox 212 2783 347 2823; x_wconf 54' lang='lat' dir='ltr'><strong>‘mvn</strong></span> <span class='ocrx_word' id='word_1_292' title='bbox 383 2769 436 2838; x_wconf 79' lang='grc' dir='ltr'><strong>β.</strong></span> <span class='ocrx_word' id='word_1_293' title='bbox 474 2768 592 2821; x_wconf 76' lang='grc' dir='ltr'><strong>ἐστι</strong></span> <span class='ocrx_word' id='word_1_294' title='bbox 628 2786 688 2838; x_wconf 81' lang='grc' dir='ltr'><strong>φ.</strong></span> <span class='ocrx_word' id='word_1_295' title='bbox 764 2799 836 2807; x_wconf 91' lang='grc'>-</span> <span class='ocrx_word' id='word_1_296' title='bbox 905 2771 1001 2822; x_wconf 88' lang='lat' dir='ltr'><strong>Vs.</strong></span> <span class='ocrx_word' id='word_1_297' title='bbox 1040 2770 1144 2821; x_wconf 80' lang='lat'><strong>451</strong></span> <span class='ocrx_word' id='word_1_298' title='bbox 1201 2771 1549 2822; x_wconf 84' lang='lat' dir='ltr'><strong>Chaeremoni</strong></span> <span class='ocrx_word' id='word_1_299' title='bbox 1595 2773 1776 2823; x_wconf 87' lang='lat' dir='ltr'><strong>tribuit</strong></span> <span class='ocrx_word' id='word_1_300' title='bbox 1819 2773 2075 2826; x_wconf 74' lang='lat' dir='ltr'><strong>Stobaeun</strong></span> 
     </span>
    </p>
   </div>
   <div class='ocr_carea' id='block_1_9' title="bbox 228 2859 2159 2929">
    <p class='ocr_par' dir='ltr' id='par_1_9' title="bbox 228 2859 2159 2929">
     <span class='ocr_line' id='line_1_30' title="bbox 228 2859 2159 2929; baseline 0.001 -16"><span class='ocrx_word' id='word_1_301' title='bbox 228 2860 664 2914; x_wconf 81' lang='lat' dir='ltr'><strong>Flor.LXXX111</strong></span> <span class='ocrx_word' id='word_1_302' title='bbox 702 2860 787 2912; x_wconf 87' lang='grc'><strong>14.</strong></span> <span class='ocrx_word' id='word_1_303' title='bbox 837 2887 907 2897; x_wconf 93' lang='grc'><strong>-</strong></span> <span class='ocrx_word' id='word_1_304' title='bbox 931 2861 1025 2911; x_wconf 84' lang='lat' dir='ltr'><strong>Vs.</strong></span> <span class='ocrx_word' id='word_1_305' title='bbox 1045 2859 1169 2912; x_wconf 82' lang='grc'><strong>452.</strong></span> <span class='ocrx_word' id='word_1_306' title='bbox 1207 2861 1285 2911; x_wconf 85' lang='lat' dir='ltr'><strong>lta</strong></span> <span class='ocrx_word' id='word_1_307' title='bbox 1322 2860 1498 2913; x_wconf 84' lang='lat' dir='ltr'><strong>Guelf.</strong></span> <span class='ocrx_word' id='word_1_308' title='bbox 1537 2863 1634 2913; x_wconf 88' lang='lat' dir='ltr'><strong>nisi</strong></span> <span class='ocrx_word' id='word_1_309' title='bbox 1672 2862 1810 2929; x_wconf 91' lang='lat' dir='ltr'><strong>quod</strong></span> <span class='ocrx_word' id='word_1_310' title='bbox 1844 2861 2074 2914; x_wconf 83' lang='lat' dir='ltr'><strong>additum</strong></span> <span class='ocrx_word' id='word_1_311' title='bbox 2158 2916 2159 2921; x_wconf 65' lang='lat'>,</span> 
     </span>
    </p>
   </div>
   <div class='ocr_carea' id='block_1_10' title="bbox 232 2942 2076 3547">
    <p class='ocr_par' dir='ltr' id='par_1_10' title="bbox 232 2942 2076 3547">
     <span class='ocr_line' id='line_1_31' title="bbox 233 2942 2076 3015; baseline 0.001 -15"><span class='ocrx_word' id='word_1_312' title='bbox 233 2953 313 3000; x_wconf 81' lang='lat' dir='ltr'><strong>est</strong></span> <span class='ocrx_word' id='word_1_313' title='bbox 347 2950 401 3000; x_wconf 85' lang='lat' dir='ltr'><strong>in</strong></span> <span class='ocrx_word' id='word_1_314' title='bbox 438 2949 544 3000; x_wconf 80' lang='lat' dir='ltr'><strong>fine</strong></span> <span class='ocrx_word' id='word_1_315' title='bbox 582 2942 795 3015; x_wconf 76' lang='grc' dir='ltr'><strong><em>πατήρ,</em></strong></span> <span class='ocrx_word' id='word_1_316' title='bbox 845 2948 985 3014; x_wconf 89' lang='lat' dir='ltr'><strong>quod</strong></span> <span class='ocrx_word' id='word_1_317' title='bbox 1022 2949 1214 3000; x_wconf 87' lang='lat' dir='ltr'><strong>delevit</strong></span> <span class='ocrx_word' id='word_1_318' title='bbox 1251 2949 1556 3001; x_wconf 86' lang='lat' dir='ltr'><strong>Schneider.</strong></span> <span class='ocrx_word' id='word_1_319' title='bbox 1631 2951 1788 3002; x_wconf 85' lang='lat' dir='ltr'><strong>Vind.</strong></span> <span class='ocrx_word' id='word_1_320' title='bbox 1827 2951 1862 3000; x_wconf 87' lang='grc'><strong>2</strong></span> <span class='ocrx_word' id='word_1_321' title='bbox 1914 2951 2001 3002; x_wconf 86' lang='lat' dir='ltr'><strong>dat</strong></span> <span class='ocrx_word' id='word_1_322' title='bbox 2046 2945 2076 3001; x_wconf 85' lang='grc' dir='ltr'><strong><em>ὁ</em></strong></span> 
     </span>
     <span class='ocr_line' id='line_1_32' title="bbox 232 3029 2076 3106; baseline 0.001 -18"><span class='ocrx_word' id='word_1_323' title='bbox 232 3034 462 3105; x_wconf 74' lang='grc' dir='ltr'><em>θρέψας</em></span> <span class='ocrx_word' id='word_1_324' title='bbox 497 3035 590 3086; x_wconf 87' lang='grc' dir='ltr'><strong>καὶ</strong></span> <span class='ocrx_word' id='word_1_325' title='bbox 617 3029 715 3104; x_wconf 81' lang='grc' dir='ltr'><strong>οὐχ</strong></span> <span class='ocrx_word' id='word_1_326' title='bbox 742 3030 772 3086; x_wconf 89' lang='grc' dir='ltr'>ὁ</span> <span class='ocrx_word' id='word_1_327' title='bbox 799 3030 1067 3101; x_wconf 70' lang='grc' dir='ltr'><em>γεννήσας</em></span> <span class='ocrx_word' id='word_1_328' title='bbox 1095 3031 1295 3106; x_wconf 78' lang='grc' dir='ltr'><strong>πατήρ.</strong></span> <span class='ocrx_word' id='word_1_329' title='bbox 1335 3039 1452 3090; x_wconf 92' lang='lat' dir='ltr'><strong>Nou</strong></span> <span class='ocrx_word' id='word_1_330' title='bbox 1481 3040 1714 3106; x_wconf 84' lang='lat' dir='ltr'><strong>expedio.</strong></span> <span class='ocrx_word' id='word_1_331' title='bbox 1750 3066 1823 3075; x_wconf 91' lang='lat'><strong>--</strong></span> <span class='ocrx_word' id='word_1_332' title='bbox 1857 3037 1951 3090; x_wconf 87' lang='lat' dir='ltr'><strong>Vs.</strong></span> <span class='ocrx_word' id='word_1_333' title='bbox 1971 3039 2076 3090; x_wconf 84' lang='grc'><strong>453</strong></span> 
     </span>
     <span class='ocr_line' id='line_1_33' title="bbox 233 3118 2076 3197; baseline 0.002 -21"><span class='ocrx_word' id='word_1_334' title='bbox 233 3126 395 3178; x_wconf 89' lang='lat' dir='ltr'><strong>Vind.</strong></span> <span class='ocrx_word' id='word_1_335' title='bbox 434 3125 468 3175; x_wconf 76' lang='lat'><strong>3</strong></span> <span class='ocrx_word' id='word_1_336' title='bbox 505 3129 558 3176; x_wconf 90' lang='lat' dir='ltr'><strong>et</strong></span> <span class='ocrx_word' id='word_1_337' title='bbox 594 3126 629 3176; x_wconf 88' lang='grc'>4</span> <span class='ocrx_word' id='word_1_338' title='bbox 664 3122 909 3192; x_wconf 81' lang='grc' dir='ltr'><strong>μηδέπω.</strong></span> <span class='ocrx_word' id='word_1_339' title='bbox 982 3126 1143 3177; x_wconf 90' lang='lat' dir='ltr'><strong>Vind.</strong></span> <span class='ocrx_word' id='word_1_340' title='bbox 1180 3126 1216 3176; x_wconf 85' lang='lat'>5</span> <span class='ocrx_word' id='word_1_341' title='bbox 1251 3118 1463 3192; x_wconf 74' lang='grc' dir='ltr'><em>μήποτε</em></span> <span class='ocrx_word' id='word_1_342' title='bbox 1500 3122 1690 3197; x_wconf 81' lang='grc' dir='ltr'><strong>κτήσῃ.</strong></span> <span class='ocrx_word' id='word_1_343' title='bbox 1737 3159 1806 3168; x_wconf 85' lang='grc'><strong>-</strong></span> <span class='ocrx_word' id='word_1_344' title='bbox 1851 3127 1947 3179; x_wconf 80' lang='lat' dir='ltr'><strong>Vs.</strong></span> <span class='ocrx_word' id='word_1_345' title='bbox 1969 3128 2076 3179; x_wconf 82' lang='lat'><strong>458</strong></span> 
     </span>
     <span class='ocr_line' id='line_1_34' title="bbox 235 3206 2075 3283; baseline -0.001 -17"><span class='ocrx_word' id='word_1_346' title='bbox 235 3230 333 3283; x_wconf 81' lang='lat' dir='ltr'><strong>pro</strong></span> <span class='ocrx_word' id='word_1_347' title='bbox 372 3206 608 3281; x_wconf 77' lang='grc' dir='ltr'><em>σώφρων</em></span> <span class='ocrx_word' id='word_1_348' title='bbox 645 3214 766 3265; x_wconf 90' lang='lat' dir='ltr'><strong>dedi</strong></span> <span class='ocrx_word' id='word_1_349' title='bbox 803 3207 977 3282; x_wconf 79' lang='grc' dir='ltr'><em>σοφὸς</em></span> <span class='ocrx_word' id='word_1_350' title='bbox 1016 3231 1047 3266; x_wconf 90' lang='lat' dir='ltr'><strong>e</strong></span> <span class='ocrx_word' id='word_1_351' title='bbox 1083 3215 1241 3266; x_wconf 87' lang='lat' dir='ltr'><strong>Vind.</strong></span> <span class='ocrx_word' id='word_1_352' title='bbox 1282 3216 1334 3267; x_wconf 83' lang='lat'><strong>3.</strong></span> <span class='ocrx_word' id='word_1_353' title='bbox 1370 3247 1442 3257; x_wconf 86' lang='lat'><strong>-—</strong></span> <span class='ocrx_word' id='word_1_354' title='bbox 1478 3216 1577 3267; x_wconf 93' lang='lat' dir='ltr'><strong>Vs.</strong></span> <span class='ocrx_word' id='word_1_355' title='bbox 1593 3217 1698 3266; x_wconf 84' lang='grc'><strong>459</strong></span> <span class='ocrx_word' id='word_1_356' title='bbox 1737 3232 1870 3268; x_wconf 89' lang='lat' dir='ltr'><strong>corr.</strong></span> <span class='ocrx_word' id='word_1_357' title='bbox 1907 3209 2075 3266; x_wconf 80' lang='grc' dir='ltr'><em>πάντ’</em></span> 
     </span>
     <span class='ocr_line' id='line_1_35' title="bbox 239 3293 2075 3372; baseline 0.001 -17"><span class='ocrx_word' id='word_1_358' title='bbox 239 3307 293 3355; x_wconf 83' lang='lat' dir='ltr'><strong>et</strong></span> <span class='ocrx_word' id='word_1_359' title='bbox 329 3293 404 3361; x_wconf 77' lang='grc' dir='ltr'><strong>εἰς</strong></span> <span class='ocrx_word' id='word_1_360' title='bbox 439 3296 504 3350; x_wconf 83' lang='grc' dir='ltr'><strong>τὸ</strong></span> <span class='ocrx_word' id='word_1_361' title='bbox 539 3297 673 3368; x_wconf 79' lang='grc' dir='ltr'><strong>φῶς.</strong></span> <span class='ocrx_word' id='word_1_362' title='bbox 710 3302 780 3355; x_wconf 91' lang='lat' dir='ltr'><strong>V.</strong></span> <span class='ocrx_word' id='word_1_363' title='bbox 802 3303 1058 3355; x_wconf 81' lang='lat' dir='ltr'><strong>Stobaeus</strong></span> <span class='ocrx_word' id='word_1_364' title='bbox 1078 3304 1190 3355; x_wconf 84' lang='lat' dir='ltr'><strong>Ecl.</strong></span> <span class='ocrx_word' id='word_1_365' title='bbox 1209 3302 1342 3370; x_wconf 90' lang='lat' dir='ltr'><strong>ph.1</strong></span> <span class='ocrx_word' id='word_1_366' title='bbox 1362 3320 1413 3370; x_wconf 89' lang='lat' dir='ltr'><strong>p.</strong></span> <span class='ocrx_word' id='word_1_367' title='bbox 1431 3305 1550 3355; x_wconf 88' lang='grc'><strong>223.</strong></span> <span class='ocrx_word' id='word_1_368' title='bbox 1590 3305 1678 3356; x_wconf 90' lang='lat' dir='ltr'><strong>ubi</strong></span> <span class='ocrx_word' id='word_1_369' title='bbox 1698 3304 1946 3372; x_wconf 87' lang='lat' dir='ltr'><strong>Sophocli</strong></span> <span class='ocrx_word' id='word_1_370' title='bbox 1983 3306 2075 3357; x_wconf 86' lang='lat' dir='ltr'><strong>tri-</strong></span> 
     </span>
     <span class='ocr_line' id='line_1_36' title="bbox 237 3385 2075 3459; baseline 0 -15"><span class='ocrx_word' id='word_1_371' title='bbox 237 3391 430 3444; x_wconf 80' lang='lat' dir='ltr'><strong>buitur.</strong></span> <span class='ocrx_word' id='word_1_372' title='bbox 480 3389 645 3442; x_wconf 87' lang='lat' dir='ltr'><strong>Aldus</strong></span> <span class='ocrx_word' id='word_1_373' title='bbox 682 3385 818 3456; x_wconf 80' lang='grc' dir='ltr'><strong><em>πρὸς</em></strong></span> <span class='ocrx_word' id='word_1_374' title='bbox 853 3388 987 3459; x_wconf 77' lang='grc' dir='ltr'><strong>φῶς,</strong></span> <span class='ocrx_word' id='word_1_375' title='bbox 1022 3399 1082 3443; x_wconf 85' lang='lat' dir='ltr'><strong>ut</strong></span> <span class='ocrx_word' id='word_1_376' title='bbox 1118 3392 1299 3444; x_wconf 84' lang='lat' dir='ltr'><strong>codex.</strong></span> <span class='ocrx_word' id='word_1_377' title='bbox 1348 3392 1443 3443; x_wconf 82' lang='lat' dir='ltr'><strong>Cfr</strong></span> <span class='ocrx_word' id='word_1_378' title='bbox 1480 3392 1700 3444; x_wconf 79' lang='lat' dir='ltr'><strong>Philem.</strong></span> <span class='ocrx_word' id='word_1_379' title='bbox 1739 3392 1843 3443; x_wconf 90' lang='lat' dir='ltr'><strong>lnc.</strong></span> <span class='ocrx_word' id='word_1_380' title='bbox 1883 3393 1971 3444; x_wconf 91' lang='grc'><strong>97.</strong></span> <span class='ocrx_word' id='word_1_381' title='bbox 2010 3421 2075 3430; x_wconf 91' lang='lat'><em>-</em></span> 
     </span>
     <span class='ocr_line' id='line_1_37' title="bbox 238 3474 2074 3547; baseline 0.001 -17"><span class='ocrx_word' id='word_1_382' title='bbox 238 3479 334 3532; x_wconf 88' lang='lat' dir='ltr'><strong>Vs.</strong></span> <span class='ocrx_word' id='word_1_383' title='bbox 352 3478 473 3530; x_wconf 85' lang='grc'><strong>465.</strong></span> <span class='ocrx_word' id='word_1_384' title='bbox 515 3477 593 3531; x_wconf 82' lang='lat' dir='ltr'><strong>lta</strong></span> <span class='ocrx_word' id='word_1_385' title='bbox 628 3478 813 3546; x_wconf 82' lang='lat' dir='ltr'><strong>scripsi</strong></span> <span class='ocrx_word' id='word_1_386' title='bbox 848 3496 941 3547; x_wconf 86' lang='lat' dir='ltr'><strong>pro</strong></span> <span class='ocrx_word' id='word_1_387' title='bbox 978 3474 1008 3529; x_wconf 89' lang='grc' dir='ltr'><em>ὁ</em></span> <span class='ocrx_word' id='word_1_388' title='bbox 1046 3476 1167 3547; x_wconf 79' lang='grc' dir='ltr'><em>βίος</em></span> <span class='ocrx_word' id='word_1_389' title='bbox 1203 3474 1377 3547; x_wconf 76' lang='grc' dir='ltr'><strong>ἡμῶν.</strong></span> <span class='ocrx_word' id='word_1_390' title='bbox 1400 3511 1468 3522; x_wconf 88' lang='lat'><strong>--</strong></span> <span class='ocrx_word' id='word_1_391' title='bbox 1490 3480 1584 3532; x_wconf 83' lang='lat' dir='ltr'><strong>Vs.</strong></span> <span class='ocrx_word' id='word_1_392' title='bbox 1607 3474 1714 3531; x_wconf 84' lang='grc'><strong>476</strong></span> <span class='ocrx_word' id='word_1_393' title='bbox 1750 3480 1886 3547; x_wconf 85' lang='lat' dir='ltr'><strong>apud</strong></span> <span class='ocrx_word' id='word_1_394' title='bbox 1911 3480 2074 3533; x_wconf 85' lang='lat' dir='ltr'><strong>Boiss.</strong></span> 
     </span>
    </p>
   </div>
   <div class='ocr_carea' id='block_1_11' title="bbox 2175 483 2194 588">
    <p class='ocr_par' dir='ltr' id='par_1_11' title="bbox 2175 483 2194 588">
     <span class='ocr_line' id='line_1_38' title="bbox 2175 483 2194 588; baseline 0 -88"><span class='ocrx_word' id='word_1_395' title='bbox 2175 483 2194 588; x_wconf 45' lang='lat' dir='ltr'><strong>i,</strong></span> 
     </span>
    </p>
   </div>
   <div class='ocr_carea' id='block_1_12' title="bbox 2115 982 2202 3918">
    <p class='ocr_par' dir='ltr' id='par_1_12' title="bbox 2115 982 2202 3918">
     <span class='ocr_line' id='line_1_39' title="bbox 2115 982 2202 3918; baseline 0 0"><span class='ocrx_word' id='word_1_396' title='bbox 2115 982 2202 3918; x_wconf 95' lang='lat' dir='ltr'><strong> </strong></span> 
     </span>
    </p>
   </div>
  </div>
 </body>
</html>
