2202 3918
338 249 442 300 818
816 246 1194 299 MENANDRI
1236 245 1710 299 SENTENTIAE.

338 383 446 441 730
480 391 610 453 Hoc,
651 388 822 441 Nosce
860 394 1035 450 temet,
1077 387 1206 439 utile
1245 392 1323 439 est
1359 404 1454 454 per
1492 389 1679 441 omnia.

480 478 675 531 Felicis
711 477 952 539 hominis,
989 476 1310 528 indolentem
1348 478 1538 527 vivere.

479 567 719 635 Suspicio
756 567 919 633 pestis
955 566 1180 632 pessima
1219 574 1299 616 est
1335 567 1655 617 mortalibus.
1705 627 1708 630 ⁴

476 656 789 707 Necessitati
827 662 1012 707 cuncta
1049 656 1389 706 succumbunt
1427 656 1547 708 cito.

476 747 728 797 Formosa
766 745 954 795 mulier
990 745 1144 811 plena
1179 761 1264 796 res
1301 747 1596 812 superbiae.

331 832 437 885 785
475 834 652 885 Danda
690 849 852 899 opera
889 834 1040 883 amici
1079 834 1378 900 coniugisve
1415 835 1467 884 in
1506 834 1740 900 gratiam.

473 922 710 976 Vinclum
750 926 831 972 est
867 922 1058 972 amoris
1095 924 1310 990 grande,
1347 924 1478 974 satio
1517 924 1756 975 liberum.

467 1011 643 1063 Bonos
679 1026 868 1062 vocare
903 1012 1173 1077 pessimos,
1214 1028 1326 1062 mos
1364 1019 1443 1062 est
1477 1013 1644 1062 malis.

468 1097 651 1149 Mores
687 1099 852 1150 bonos
890 1115 1198 1166 congresssu
1235 1102 1505 1165 inquinant
1543 1100 1682 1150 mali.

468 1184 727 1250 Sapientia
766 1203 898 1253 opus
936 1193 1033 1249 est,
1069 1187 1226 1237 facile
1262 1190 1510 1238 iacturam
1548 1189 1673 1253 pati.
1823 1247 1836 1263 .

324 1271 430 1321 74⁰
469 1273 682 1325 Homini
720 1291 937 1326 necesse
977 1281 1057 1326 est
1092 1275 1237 1326 ferre
1275 1275 1518 1325 fortunae
1556 1277 1822 1341 impetum.

463 1363 602 1413 Dans
641 1379 854 1430 operam
892 1364 1057 1415 amico
1095 1366 1289 1416 amicus
1329 1380 1539 1430 operam
1578 1364 1666 1415 dat
1703 1365 1819 1415 sibi.

461 1451 643 1503 Mores
681 1453 831 1503 amici
870 1453 1092 1516 noveris,
1131 1469 1234 1504 non
1273 1453 1465 1504 oderis.

461 1541 649 1591 Tutius
685 1541 909 1619 habetur
944 1542 1081 1593 iusta
1116 1543 1341 1592 amicitia
1379 1540 1526 1593 nihil.

460 1629 744 1680 Celebrate
779 1631 931 1682 amici
969 1646 1119 1696 quam
1157 1635 1270 1681 tuas
1310 1630 1491 1680 laudes
1531 1627 1675 1679 velis.

316 1714 422 1767 745
460 1717 673 1769 Homini
709 1727 951 1770 senectus
989 1720 1224 1770 taediosa
1261 1725 1342 1771 est
1376 1718 1594 1770 sarcina.

456 1805 525 1863 In,
554 1811 788 1873 tempore
825 1814 1094 1873 acceptum
1131 1809 1246 1874 ipse
1283 1808 1448 1857 redde
1485 1807 1539 1856 in
1577 1810 1828 1871 tempore.

457 1894 601 1943 Bene
639 1910 830 1959 quaere
867 1896 1044 1946 multis
1080 1894 1275 1956 facere,
1314 1896 1406 1945 sed
1444 1909 1540 1959 pro
1578 1893 1791 1943 viribus.

454 1981 718 2033 Beneficia
754 1984 887 2034 iusta
924 1983 1110 2033 confer
1148 1988 1202 2032 et
1237 1984 1372 2033 iusta
1410 1982 1606 2046 accipe.

453 2070 622 2120 Sumti
662 2072 884 2122 benefici
921 2072 991 2121 sis
1030 2088 1245 2134 memor,
1286 2072 1392 2121 dati
1428 2071 1721 2121 immemor.

309 2157 416 2210 750
453 2158 588 2211 Filia
625 2160 902 2211 molestum
940 2160 1435 2225 incommodumque
1468 2159 1729 2225 peculium
1769 2163 1865 2210 est.

453 2251 477 2279 ’⁶
514 2248 695 2299 Facile
734 2255 1016 2316 tempestas
1052 2249 1105 2301 in
1144 2265 1332 2301 serena
1369 2248 1604 2298 solvitur.

447 2338 614 2402 Quam
652 2353 837 2405 magna
873 2355 958 2389 res
996 2355 1127 2404 quae
1163 2354 1319 2404 parva
1356 2337 1450 2388 sed
1488 2336 1608 2387 data
1644 2339 1935 2403 tempore!

445 2426 555 2475 Res
592 2430 797 2492 tempus
836 2443 1016 2478 omnes
1054 2428 1249 2492 optime
1287 2426 1549 2476 diiudicat.

442 2517 466 2544 ¹⁶·
507 2517 670 2579 Quam
707 2515 866 2564 multa
902 2515 1050 2565 nobis
1088 2515 1192 2564 fert
1230 2516 1466 2580 voluptas
1505 2514 1696 2563 tristia!

303 2601 411 2653 755
451 2604 682 2655 Fortuna
718 2602 998 2668 splendens
1035 2619 1187 2667 quam
1224 2604 1328 2653 levi
1363 2602 1591 2668 impulsu
1627 2602 1760 2652 ruit!

444 2694 608 2759 Quam
647 2692 748 2740 vita
787 2691 970 2752 dulcis,
1008 2691 1111 2741 vita
1149 2691 1273 2758 quid
1312 2692 1378 2742 sit
1415 2691 1629 2741 nesciis!

441 2781 542 2846 Qui
581 2795 779 2846 pauper
816 2779 958 2830 ducit
995 2794 1229 2840 uxorem,
1266 2782 1347 2828 est
1382 2780 1721 2830 miserrimus.

438 2870 686 2930 Fortuna,
726 2884 879 2935 quam
916 2884 1001 2918 res
1042 2869 1197 2927 varia,
1236 2883 1388 2933 quam
1429 2868 1696 2920 volubilis!
