2202 3918
488 745 1518 836 PRAEFATIO.

71 1087 275 1195 Quod
321 1136 480 1179 nunc
524 1117 745 1200 publici
788 1116 938 1179 iuris
981 1117 1140 1180 facio
1182 1116 1539 1180 comicorum
1578 1133 1934 1197 graecorum

72 1218 350 1280 volumen
394 1226 695 1300 quartum,
751 1226 991 1302 praeter
1047 1240 1122 1281 ea
1164 1241 1316 1301 quae
1359 1219 1566 1282 titulus
1610 1218 1745 1280 libri
1786 1238 1932 1301 pro-

70 1318 270 1380 fitetur
326 1315 600 1383 incertae'
649 1322 867 1383 aetatis
910 1329 1124 1405 poetas
1168 1328 1231 1385 et
1274 1341 1698 1403 anonymorum
1743 1320 1932 1382 comi-

68 1439 272 1482 corum
316 1422 649 1503 sragmenta
692 1424 1123 1504 complectitur.
1223 1424 1294 1483 In
1350 1443 1543 1484 novae
1588 1423 1933 1484 comoediae

68 1523 267 1604 poetis
308 1525 555 1607 primum
597 1525 811 1601 locum,
855 1528 921 1584 ut
963 1544 1073 1607 par
1117 1529 1269 1600 erat,
1308 1523 1646 1585 Philemoni
1689 1531 1751 1587 et
1788 1525 1930 1587 Me-

0 1641 4 1663 *
69 1625 299 1688 nandro
354 1627 671 1703 concessi,
726 1629 970 1708 quorum
1024 1626 1362 1707 fragmenta
1405 1626 1562 1708 quod
1607 1648 1766 1691 nunc
1810 1627 1928 1690 ali-

66 1735 286 1809 quanto
343 1728 715 1791 emendatius
772 1750 943 1810 quam
1001 1750 1173 1810 quum
1231 1729 1478 1813 primum
1537 1750 1572 1790 a
1617 1749 1710 1792 me
1767 1729 1930 1793 edita.

67 1837 209 1892 suut
250 1831 567 1913 multisque
612 1832 1070 1895 accessionibus
1113 1832 1480 1915 locupletata
1514 1831 1803 1896 exhibere
1844 1833 1931 1894 li—

65 1933 211 2011 cuit,
246 1954 446 1997 eorum
474 1935 845 2019 potissimum
872 1936 1130 1998 virorum
1158 1935 1408 1998 debetur
1447 1934 1798 2013 industriae,
1827 1935 1928 2018 qui

60 2035 155 2098 his
198 2037 489 2120 proximis
538 2038 713 2099 annis
757 2037 924 2108 haud,
950 2038 1383 2102 contemnenda
1419 2057 1684 2120 graecae
1719 2037 1927 2101 erudi-

61 2139 240 2201 tionis
284 2138 679 2230 instrumenta
734 2161 816 2200 ex
860 2141 1346 2200 bibliothecarum
1389 2140 1638 2201 latebris
1681 2146 1926 2221 protra-

0 2288 2 2320 ‡
57 2247 297 2303 xerunt.
360 2241 463 2301 Ex
507 2239 944 2302 commentariis
983 2238 1197 2320 quibus
1228 2239 1471 2322 primam
1515 2239 1723 2323 horum
1767 2248 1921 2324 poe-

57 2341 245 2405 tarum
299 2342 615 2406 editionem
670 2341 932 2403 instruxi
987 2340 1202 2404 sedulo
1256 2341 1588 2404 cavendum
1653 2341 1799 2404 duxi
1856 2349 1924 2406 ut

55 2446 197 2507 nibil
229 2444 651 2529 propemodum
694 2445 755 2506 in
800 2443 956 2506 hanc
989 2464 1203 2506 novam
1234 2445 1518 2527 syllogen
1565 2445 1920 2529 reciperem,

54 2548 173 2612 nisi
213 2547 371 2630 quod
416 2568 548 2612 cum
591 2547 1080 2630 interpretatione
1119 2547 1220 2610 vel
1264 2548 1410 2611 crisi
1452 2548 1919 2630 fragmentorum

54 2651 405 2715 necessario
449 2650 826 2714 coniunctum
869 2655 1060 2712 esset.
1107 2649 1279 2726 Quae
1315 2671 1418 2714 res
1461 2651 1579 2716 hoc
1623 2651 1917 2715 commodi

52 2755 247 2816 attulit
305 2761 401 2832 ut,
458 2773 645 2816 secus
705 2772 779 2816 ac
837 2773 1254 2836 speraveram,
1319 2773 1514 2818 novae
1568 2755 1917 2820 comoediae

50 2866 262 2940 poetas
310 2876 426 2919 uno
469 2855 800 2934 volumine,
856 2856 1181 2939 grandiore
1232 2856 1337 2920 illo
1380 2856 1613 2939 quidem
1657 2877 1772 2921 nec
1814 2863 1916 2920 ta-

50 2980 180 3021 men
227 2959 303 3020 ad
347 2980 519 3020 usum
562 2956 841 3036 inhabili,
884 2958 1194 3022 includere
1237 2958 1491 3023 licuerit.
1576 2959 1788 3042 Itaque
1831 2959 1913 3023 ad

50 3061 232 3123 totius
288 3061 492 3144 operis
549 3060 980 3123 absolutionem
1050 3082 1224 3123 unum
1283 3062 1574 3125 duntaxat
1629 3063 1911 3126 volumen

47 3163 332 3245 reliquum
378 3171 506 3239 est,
566 3172 804 3246 praeter
846 3163 1206 3246 corrigenda
1247 3171 1310 3228 et
1358 3164 1634 3229 addenda
1686 3165 1911 3228 verbo-

45 3285 172 3326 rum
223 3265 370 3329 illud
418 3264 671 3328 indicem
714 3267 847 3330 sive
893 3266 1094 3350 potius
1137 3267 1402 3331 comicae
1446 3266 1726 3331 dictionis
1772 3267 1909 3330 the·-

46 3386 285 3429 saurum
328 3367 739 3452 complectens
777 3369 1330 3455 locupletissimum,
1373 3370 1434 3433 iu
1466 3389 1581 3454 quo
1619 3367 1909 3433 struendo
