2202 3918
274 200 382 253 64⁰
737 244 741 247 ,
982 199 1432 256 FRAGMENTA

273 349 348 400 ris
384 344 570 398 comici
604 344 989 410 transscriptam
1027 358 1160 394 esse.
1199 343 1435 411 Denique
1464 361 1566 397 non
1607 346 1946 399 dubitandum
1984 347 2128 401 vide-

274 442 362 488 tur
409 434 534 501 quin
570 433 661 484 illa
706 426 1207 489 ἐπικύπτοντες
1258 430 1730 498 προστιλαῖσιν
1781 437 1895 502 ipsa
1941 439 2129 500 poetae

273 525 433 575 verbo
469 523 589 584 sint.
625 523 679 573 in
718 521 904 587 quibus
940 512 1326 578 ἐπικύπτοντες
1364 521 1486 585 quid
1525 523 1592 572 sit
1627 529 1835 589 praeter
1872 523 1999 573 alios
2034 523 2127 573 do-

274 619 359 663 cet
397 611 718 678 Antiphanes
750 602 1036 673 Ἀλιευομ.
1077 607 1100 657 1
1141 608 1235 658 18·
1272 607 1384 667 τοῖς
1420 607 1761 678 κιθαρωδοῖς
1794 605 1867 669 ὥς
1903 603 2129 678 σφόδρα

272 693 487 752 ἅπασιν
517 695 677 757 οὗτος
714 690 1149 764 ἐπικεκυφῶς
1186 690 1480 747 λανθάνει.
1557 699 1634 749 lta
1670 700 1807 750 enim
1845 699 2125 766 legendum

271 807 367 859 pro
404 778 766 856 ἐπιπεφυκιός.

952 926 957 928 s
1037 854 1374 909 cxxxvnn

411 963 728 1031 Hesychius,
778 954 980 1011 Κνάπ
997 976 1058 1010 τε
1077 976 1142 1010 ιν
1190 956 1432 1012 κελεύω
1482 958 1836 1027 γλῶσσανς
1884 959 2127 1031 συνέχειν

271 1049 426 1114 ἐντὸς
472 1036 582 1101 τιῦν
628 1043 876 1100 ὀδόντων
924 1043 1119 1099 κελεύω
1171 1045 1274 1112 τὴν
1324 1047 1593 1115 γλῶτταν.
1680 1051 1734 1103 Si
1785 1053 1970 1104 comici
2018 1052 2126 1106 fra-

270 1146 540 1214 gmentum
580 1144 679 1203 est,
716 1133 967 1203 γλῶτταν
1003 1139 1352 1191 scribendum.

1051 1280 1339 1333 CXXXIX.

413 1387 731 1457 Hesychius,
770 1386 829 1437 Κ
838 1401 904 1437 νε
925 1401 1134 1456 ωρον
1192 1381 1372 1455 φυτόν
1409 1403 1464 1438 τι
1500 1380 1552 1439 ὃ
1567 1386 1682 1449 τοῖς
1716 1385 2126 1459 θεσμοφορίοις

268 1471 740 1547 ὑποστόρνυνται,
788 1475 881 1526 καὶ
930 1473 970 1524 ὠ
1021 1469 1097 1536 εἰς
1145 1471 1434 1543 κάθαρσιν
1465 1494 1731 1545 χρωνται.
1803 1476 1897 1529 καὶ
1933 1493 2124 1544 γυναι-

266 1567 413 1620 κεῖον
457 1560 671 1634 μόριον.
754 1567 903 1617 Haec
948 1571 1210 1632 postrema
1255 1566 1564 1634 significatio
1613 1583 1716 1619 non
1765 1567 1946 1619 dubito
1998 1568 2122 1634 quin

268 1675 330 1711 ex
368 1657 565 1709 comico
604 1658 759 1723 poeta
795 1655 1023 1706 derivata
1062 1654 1144 1706 sit.

1083 1762 1107 1788 '¹
1148 1760 1304 1813 CXL.

302 1927 306 1930 ⁴
409 1869 728 1936 Hesychius,
765 1860 1220 1932 Κολεασμόςε
1276 1861 1340 1916 τὸ
1377 1860 1768 1934 περαίνεσθαι.
1826 1861 2125 1930 πεποίηται

266 1957 324 2009 δὲ
362 1953 473 2008 ἀπὸ
510 1943 611 2007 τοῦ
653 1949 822 2007 κόλου
856 1955 1003 2021 (leg.
1041 1949 1271 2020 κολεοῦ)
1320 1954 1415 2004 καὶ
1452 1949 1564 2004 ἀπὸ
1604 1951 1704 2003 τοῦ
1738 1953 2007 2005 καθιέναι
2043 1950 2120 2017 εἰς

263 2044 328 2099 τὸ
364 2040 528 2097 κόλον
564 2046 708 2112 (leg.
743 2038 844 2093 τὸν
879 2037 1136 2108 κολεὸν)·
1182 2037 1346 2092 τοῦτο
1385 2039 1444 2093 δὲ
1478 2036 1748 2105 κολεάζειν
1782 2037 1984 2111 ἔλεγον.
2061 2047 2121 2100 In

262 2138 348 2189 his
381 2127 566 2194 κολεός
621 2140 674 2184 et
727 2128 1099 2200 περαίνεσθαι
1142 2131 1368 2183 obsceno
1420 2148 1575 2184 sensu
1628 2133 1820 2185 dictum
1869 2149 1984 2185 esse
2036 2151 2119 2188 se-

242 2240 429 2293 quens
466 2223 641 2291 glossa
678 2221 864 2273 docet:
920 2218 979 2269 Κ
989 2216 1352 2288 ολὲαρχος,
1398 2215 1738 2288 κακόσχολον
1780 2217 1976 2291 ὄνομα.
2058 2227 2118 2280 [ιι

261 2329 363 2380 qua
402 2309 716 2377 Κολέαρχος
767 2310 1084 2360 comicorum
1134 2326 1281 2361 more
1328 2327 1391 2362 ex
1427 2308 1711 2380 Κλέαρχος
1756 2313 1975 2365 similive
2023 2331 2118 2367 no-

260 2402 403 2453 mine
440 2400 703 2467 detorssum
743 2403 839 2449 est.
877 2400 953 2450 Ac
988 2398 1214 2448 fortasse
1252 2399 1407 2448 etiam
1443 2394 1606 2466 ἀρχὸς
1641 2402 1884 2469 ambigue
1922 2403 2117 2455 dictum
2186 2387 2202 2446 ἕ

260 2495 356 2542 est.
415 2489 479 2541 V.
517 2486 849 2539 Eustathium
886 2502 937 2552 p.
975 2486 1072 2535 211
1117 2485 1169 2536 3.
1228 2485 1420 2537 Nescio
1453 2491 1625 2538 tamen
1665 2505 1728 2538 an
1768 2506 1890 2541 vera
1925 2492 2118 2544 horum
2175 2429 2202 2541 ἐ

258 2577 526 2629 nominum
563 2577 820 2642 scriptura
851 2573 1012 2625 fuerit
1046 2569 1364 2639 κωλεασμὸς
1392 2579 1465 2624 ,ει
1503 2571 1857 2644 Κωλέαρχος,
1907 2584 1966 2629 ut
2010 2595 2114 2632 non

255 2665 322 2718 ad
357 2657 558 2727 κολεός,
595 2665 818 2732 vagina,
858 2661 952 2714 sed
991 2661 1057 2712 ad
1087 2656 1233 2722 κωλῆ
1271 2661 1562 2714 revocanda
1598 2663 1719 2717 sint.

1097 2804 1279 2857 CXLI.

398 2902 719 2981 Hesychius,
771 2908 1097 2981 Κορίνθι
1117 2927 1186 2960 αι
1204 2930 1220 2960 .·
1269 2888 1332 2959 ιῖἱ
1376 2907 1568 2975 πέδαι,
1597 2945 1599 2949 «
1621 2910 1716 2963 καὶ
1752 2912 1814 2963 αἱ
1850 2909 1962 2966 ἀπὸ
2001 2914 2113 2967 Κο-

257 2997 466 3070 ρίνθου
513 2998 611 3064 τῆς
658 2995 866 3061 πόλεως
916 2996 1145 3066 ἑταῖραι.
1230 3000 1534 3067 Legendum
1583 3003 1788 3055 videtur
1841 3002 1896 3055 K
1911 3020 1941 3054 ο
1956 3020 1988 3073 ρ
2003 2999 2023 3054 ί
2038 3019 2070 3054 ν
2088 3031 2113 3042 -
2200 3001 2202 3048 1

252 3091 303 3142 θ
317 3108 337 3141 ι
353 3108 390 3140 α
410 3107 431 3140 ι
468 3106 507 3141 π
522 3089 548 3140 ε’
560 3089 593 3140 ὃ
610 3108 646 3139 α
660 3108 704 3142 ιε
746 3089 809 3140 αἱ
843 3084 955 3142 ἀπὸ
996 3084 1292 3158 Κορίνθου
1329 3121 1399 3131 —
1435 3085 1665 3159 ἑταῖραι.
2197 3049 2202 3160 ἕ

1085 3231 1294 3285 chu.
2195 3212 2202 3265 ὲ

397 3331 1270 3408 ΗθεγοὴίιιεξΚραὸαφάγοςε
1329 3333 1659 3408 συκοφάγος,
1714 3333 2107 3408 ἰσχαὸοφᾶγοςι

173 3420 180 3421 ’
252 3422 512 3496 σημαίνει
561 3423 620 3483 δὲ
669 3425 765 3478 καὶ
810 3424 909 3477 τὸν
955 3421 1229 3496 ἀγροῖκον.
1317 3429 1456 3481 Huic
1494 3429 1662 3483 simile
1699 3434 1780 3483 est
1817 3431 2105 3482 convicium
2168 3424 2191 3446 ⁸
