2202 3918
178 235 285 287 390
972 226 1140 279 Dll‘ll
1149 226 1240 279 {Li

321 375 621 429 Athenaeus
658 371 755 425 Vll
796 388 845 436 p.
882 369 980 419 291
1009 367 1063 419 f:
1101 362 1132 418 ὁ
1169 366 1227 418 δὲ
1266 363 1416 438 παρὰ
1453 362 1664 438 Διφίλῳ
1701 364 1758 416 ἐν
1798 360 1871 436 τῷ
1909 363 2024 414 Ζω-

179 459 378 535 γράᾳῳ
424 462 518 513 καὶ
568 456 703 529 πρὸς
751 450 846 516 οὕς
889 452 1204 523 ἐκμισθοῦν
1240 451 1413 505 αὑτὸν
1451 454 1539 506 δεῖ
1569 450 1817 507 διδάσκει
1854 452 2026 519 λέγων

179 546 352 614 οὕτως
406 545 484 603 Οὐ
532 543 608 616 μή
657 544 772 598 κτλ.
863 546 954 598 νε.
991 545 1019 594 l
1070 537 1126 594 σ’
1167 536 1426 610 οὐδαμοῦ
1471 538 1695 611 Δράκων
1744 546 2022 596 Porsenae.

179 639 285 693 σοῦ
321 634 478 707 θάμ’
515 631 580 688 οὐ
619 629 838 701 δράκων
875 634 984 685 VL.
1041 628 1144 682 σοῦ
1179 628 1381 698 θαμοῦ
1419 629 1659 698 (θᾶμοῦ
1694 634 1771 696 Β)
1810 624 2027 699 δράκων

178 731 285 785 ΒΡ.
357 730 490 780 Sunt
526 725 677 790 coqui
716 724 781 774 ad
819 724 1107 773 Draconem
1146 716 1543 788 τραπεζοποιὸν
1578 721 1767 784 verba,
1814 722 1898 771 cui
1933 720 2027 771 ille

181 831 523 885 persuasurus
571 818 629 864 ut
676 828 825 863 suum
872 811 969 860 sibi
1008 810 1347 860 ministerium
1386 810 1621 873 addicat,
1673 825 1732 860 se
1777 825 1880 860 non
1927 807 2028 858 nisi

179 907 332 956 lautis
368 903 615 955 conviviis
652 916 864 968 operam
902 915 1046 950 suam
1086 899 1414 950 commodare
1464 899 1691 967 exponit.
1744 928 1814 938 —-·
1867 897 1957 949 Vs.
1994 897 2030 946 2

178 999 297 1044 ante
336 993 625 1043 Porsonum
663 984 740 1039 οὐ,
823 989 1019 1039 Ibidem
1058 983 1322 1046 διατελεῖς
1356 989 1465 1040 AB.
1520 982 1773 1048 διατελῆς
1809 985 1922 1037 VL.
1959 1015 2031 1025 --

179 1083 269 1134 Vs.
306 1083 341 1131 4
377 1072 450 1130 ἄν
489 1096 581 1147 pro
619 1072 715 1127 ἐὰν
754 1078 1068 1129 Dindorlius.
1121 1110 1189 1119 —-
1242 1077 1332 1131 νε.
1368 1079 1402 1128 7
1441 1070 1594 1126 ἔστιν
1631 1069 1684 1123 δ’
1726 1075 1833 1126 BL.
1880 1067 2032 1122 ἔστιν

177 1164 254 1220 θ’
298 1170 405 1221 Ρν.
461 1200 532 1209 —-
585 1167 674 1219 Vs.
716 1167 783 1216 10
832 1161 992 1231 εὐχὴν
1030 1166 1164 1218 ABG
1216 1171 1270 1216 et
1317 1166 1439 1231 epit.
1480 1163 1714 1215 Hoescb.
1749 1155 1934 1222 εὐθὴν
1971 1159 2030 1211 Ρ.

179 1251 355 1316 εὐθὺς
375 1258 482 1309 VL.
523 1285 590 1293 —-
629 1255 720 1306 νε.
751 1255 807 1304 ll
851 1246 1096 1314 πηδάλια
1136 1271 1231 1320 pro
1270 1245 1546 1315 πηδάλιον
1580 1268 1633 1301 τι
1672 1251 1884 1302 Grotius
1905 1249 2030 1300 Exc.

180 1364 235 1415 p.
263 1347 387 1396 789.
444 1376 510 1386 —-
570 1344 659 1395 νε.
698 1343 767 1392 12
803 1337 1084 1410 ἐξέρριψεν
1120 1343 1319 1395 ΑΒΟΡ.
1394 1341 1727 1408 Participium
1766 1339 1852 1405 qui
1891 1336 2030 1387 desi-

180 1434 396 1486 derabat
432 1433 672 1499 Toupius
712 1432 930 1482 Emend.
972 1432 1019 1482 ll
1058 1432 1164 1482 3⁰3
1213 1431 1421 1498 scripsit
1468 1422 1503 1492 ἢ
1544 1423 1750 1498 φορτία
1788 1420 1841 1492 7³
1883 1419 2029 1491 ἐκρί-

179 1534 316 1589 ψας.
405 1521 639 1572 Debebat
676 1526 820 1570 certe
857 1511 892 1580 ἢ
930 1512 1120 1588 φορτί’
1162 1515 1411 1587 ἐκρίψας.
1483 1550 1553 1562 --
1625 1518 1712 1570 νε.
1754 1517 1821 1567 13
1871 1507 2034 1564 οὐδὲν

181 1610 482 1662 Dindorfius
530 1625 626 1676 pro
672 1603 865 1657 οὐθέν.
939 1638 1006 1649 -—
1082 1609 1169 1659 νε.
1213 1608 1279 1656 16
1323 1603 1580 1672 ἐπιβαλεῖ
1620 1623 1715 1674 pro
1751 1599 2034 1669 ἐπιβάλλει

183 1700 397 1751 Coraes,
460 1726 517 1735 —
586 1698 678 1749 νε.
722 1698 786 1746 17
823 1688 1018 1754 τιθείς,
1061 1694 1319 1745 calculum
1357 1712 1575 1764 ponem,
1613 1700 1909 1761 computum
1934 1694 2034 1758 sa·

182 1789 344 1847 οἰοηε,
382 1791 440 1836 ut
476 1791 622 1834 recte
659 1782 1204 1848 SchweighaeuseruS.
1284 1814 1344 1822 —
1424 1784 1512 1836 νε.
1553 1783 1617 1833 21
1661 1779 1844 1831 λαλῶν
1879 1782 2027 1834 ABG.

182 1870 372 1940 λαβών
412 1874 565 1925 PVL.
638 1872 732 1922 Csr
769 1871 1076 1922 Eustathius
1113 1889 1164 1939 p.
1203 1873 1308 1922 946
1346 1871 1444 1923 56:
1481 1865 1641 1920 ἄλλοι
1677 1868 1736 1920 δὲ
1774 1866 2034 1934 (ναῦλον)

183 1958 326 2014 κατὰ
374 1959 529 2026 γένος
578 1954 891 2027 οὐδέτερον,
938 1948 1087 2020 οἷον,
1134 1957 1321 2008 λαλῶν
1367 1958 1436 2009 τὰ
1486 1957 1666 2009 ναῦλα
1715 1957 1810 2010 καὶ
1849 1953 2028 2009 δάνει’

181 2043 509 2119 ἐρυγγάνων.
548 2080 614 2088 -
658 2049 745 2100 νε.
783 2049 852 2098 22
890 2041 1123 2115 κόλλοψι
1164 2048 1341 2100 ABCP
1382 2054 1435 2099 et
1472 2048 1597 2116 epit.
1635 2049 1866 2100 Hoesch.
1902 2041 2034 2098 κάλ-

184 2137 323 2206 λοψι
359 2138 467 2190 VL.
521 2137 652 2188 Vide
689 2136 754 2186 ad
794 2136 1139 2202 Antiphanem
1178 2153 1228 2203 p.
1267 2138 1390 2188 210.
1430 2165 1501 2173 —-
1541 2138 1628 2189 νε.
1666 2138 1736 2188 23
1772 2137 2035 2204 Schweig-

183 2230 472 2280 haeuserus
511 2226 742 2280 tentabat
778 2219 1044 2291 ὑπὲμιξα,
1095 2227 1234 2291 quod
1271 2243 1374 2277 non
1413 2228 1575 2294 magis
1612 2243 1801 2294 graece
1839 2228 2034 2278 dictum

183 2325 285 2368 est.
322 2345 388 2357 —-
431 2316 519 2367 νε.
558 2315 627 2364 29
665 2304 741 2372 εἷς
778 2308 875 2362 τὸν
909 2312 1149 2380 κέραμον
1185 2316 1220 2365 i.
1248 2332 1295 2366 e.
1334 2316 1386 2366 in
1426 2332 1539 2365 eam
1577 2315 1678 2365 fori
1709 2321 1909 2382 partem
1947 2316 2035 2366 ubi

184 2418 467 2470 coquorum
507 2409 619 2452 erat
655 2403 828 2464 statio,
868 2403 933 2453 de
969 2418 1070 2467 quo
1110 2403 1213 2452 dixi
1254 2401 1424 2453 Praef.
1464 2404 1740 2454 Menandri
1777 2421 1828 2470 p.
1866 2404 2032 2456 Xvu.

188 2494 316 2545 lbid.
354 2484 698 2557 ἀνευρημένα
740 2493 778 2541 Β
824 2496 876 2540 et
911 2491 1028 2540 libri
1069 2491 1463 2553 Casauboniani‚
1500 2487 1828 2557 ἐνευρημένα
1866 2492 1926 2555 Ρ,
1975 2488 2035 2541 ἐν

184 2576 456 2648 εὑρημένα
491 2577 601 2631 VL.
673 2580 986 2645 Suspicabar
1022 2577 1439 2646 ἐπισεσυρμένα,
1477 2581 1764 2642 immzmda,
1801 2585 1861 2631 ut
1896 2581 2033 2647 apud

187 2671 405 2735 Diogen.
453 2668 627 2717 Laert.
670 2667 689 2717 1
728 2669 763 2716 8
802 2665 1226 2734 ἐπισεσυρμένον
1261 2666 1357 2716 καὶ
1392 2662 1666 2736 ῥυπαρόν,
1716 2669 1798 2719 vel
1834 2661 2034 2717 άνασε-

190 2755 451 2824 συρμενα,
488 2755 850 2823 impudentia,
879 2759 1162 2824 procacia,
1210 2757 1349 2822 qnod
1388 2759 1540 2808 eliam
1579 2758 1645 2808 de
1683 2757 1803 2808 viris
1840 2758 2033 2809 dictum

191 2863 324 2907 esse,
362 2845 515 2895 docet
552 2845 773 2910 scriptor
810 2846 1037 2895 incertus
1075 2846 1210 2911 apud
1251 2845 1461 2895 Suidam
1501 2862 1541 2896 ε.
1584 2863 1629 2897 ν.
1665 2840 2037 2911 άνασεσυρμὲ·

191 2947 311 2994 νην.
368 2963 434 2971 ——
496 2933 584 2983 νε.
624 2933 688 2982 31
731 2926 996 2999 ἀγοραῖον
1034 2927 1183 3000 ὄψον
1221 2934 1341 2983 dicit
1380 2935 1484 2984 vile
1523 2941 1576 2985 et
1614 2935 1846 2996 triviale,
1883 2934 2035 2999 quale

193 3022 308 3072 fere
349 3035 527 3070 eorum
567 3028 677 3070 erat
715 3024 801 3087 qui
842 3023 907 3072 de
946 3021 1196 3089 symbolis
1234 3023 1592 3089 epulabantur.
1632 3057 1698 3064 —
1739 3025 1826 3075 νε.
1848 3024 1916 3072 32
1955 3017 2038 3072 ἔνι

197 3108 459 3162 lacobsius
509 3109 683 3159 Addit.
733 3128 781 3176 p.
825 3112 927 3160 170
979 3112 1066 3162 AB
1118 3104 1262 3170 ἔστι,
1327 3113 1463 3176 quod
1512 3129 1722 3163 servans
1773 3112 2034 3176 Schweig-

195 3199 481 3250 haeuserus
529 3198 838 3248 coniiciebat
889 3196 1241 3264 προσλαβεῖν.
1329 3201 1435 3250 Sed
1489 3203 1679 3251 aoristo
1726 3201 1898 3252 nullus
1950 3200 2037 3251 hic

198 3288 345 3337 locus
394 3289 490 3334 est.
566 3314 633 3321 —
709 3288 796 3340 Vs,
835 3289 903 3338 34
954 3281 1129 3354 ἀμίδα
1176 3305 1272 3354 μοι
1310 3283 1502 3351 ἔνεγκε.
1589 3291 1717 3343 Vide
1766 3288 2036 3354 Eupolidis

197 3374 383 3441 fragm.
422 3373 520 3423 inc.
563 3372 611 3423 11
649 3375 698 3426 5.
754 3405 815 3414 ψ-
860 3378 946 3428 νε.
986 3379 1053 3427 39
1089 3379 1175 3429 AB
1207 3370 1470 3427 ”Αδιυνιν.
1511 3413 1577 3421 —-
1618 3381 1704 3431 νε.
1742 3377 1805 3426 41
1849 3379 2038 3428 Casan-

166 3463 365 3517 (bonus
400 3455 707 3527 ἀποσάξεις.
781 3466 1119 3527 „versaberis
1133 3505 1147 3530 ‚
1183 3469 1363 3535 inquit,
1402 3470 1452 3520 in
1494 3476 1630 3522 tauta
1668 3481 1839 3519 rerum
1877 3467 2040 3534 copia,
