2202 3918
236 212 342 264 404
1008 202 1279 256 mptum

236 350 426 420 ([ορεῖν
460 348 468 418 Ι
499 342 665 401 πάντΦ
707 342 843 399 ἔσθ’
869 342 1081 404 ἑαυτοῖς
1115 340 1290 410 μηδὲν
1325 334 1758 410 ὁμολογούμενα.
1797 369 1865 381 -
1903 340 1994 395 Vs.
2016 342 2085 394 12

240 457 336 506 pro
359 431 568 501 ταύτην
603 439 654 489 in
677 437 811 488 PVL
833 430 1026 493 ταῦτα,
1065 433 1398 483 Casaubonus
1436 426 1503 480 τὰ
1538 424 1696 492 κακά,
1733 429 1982 483 Valcken.
2020 429 2086 480 sd

237 528 505 595 Hippolyt.
539 543 588 592 p.
621 525 725 575 257
763 515 953 583 τλητά.
1026 520 1132 572 Sed
1170 512 1378 579 ταύτην
1414 523 1557 568 recte
1593 517 1887 586 Schweigh.
1924 534 1987 568 ex
2023 518 2086 569 C.

238 616 435 666 Ibidem
485 619 605 664 ente
654 610 978 661 Dindorfium
1024 603 1251 675 γίνεται.
1333 608 1587 658 Ceterum
1637 605 1876 655 similiter
1911 606 2088 656 Alexis

235 719 289 770 p.
329 705 466 755 479:
505 695 604 749 νῦν
641 694 699 746 δὲ
738 694 832 747 διὰ
868 691 1082 758 ταύτην
1117 693 1440 761 (γαστέρα)
1478 682 1703 741 ἅπαντα
1739 687 1984 757 γίγνεται
2018 690 2087 742 τά

237 785 489 857 δυσχερῆ,
561 786 655 837 Cfr
691 786 954 854 Euripidis
989 786 1163 839 locum
1199 784 1265 835 ad
1301 800 1375 835 vs.
1398 783 1432 833 2
1477 780 1809 850 adscriptum.

473 1121 659 1202 (Ὅταν
693 1146 762 1199 με
798 1127 1002 1200 καλέσῃ
1040 1121 1302 1186 πλούσιος
1337 1122 1559 1176 δεῖπνον
1597 1122 1786 1187 ποιῶν,

489 1230 556 1285 οὐ
590 1233 846 1287 κατανοῶ
881 1232 950 1285 τὰ
988 1225 1246 1303 τρίγλυφ’
1286 1224 1418 1281 οὐδὲ
1452 1227 1551 1291 τάς
1588 1229 1803 1299 στέγας,

489 1335 620 1392 οὐδὲ
659 1336 933 1410 δοκιμάζω
972 1335 1098 1400 τοὺς
1137 1332 1483 1407 Κορινθίους
1518 1332 1737 1400 κάδους,

486 1443 672 1508 ἀτενὲς
708 1446 766 1498 δὲ
805 1445 950 1518 τηρῶ
985 1443 1086 1497 τοῦ
1115 1441 1388 1514 μαγείρου
1426 1439 1524 1494 τὸν
1558 1439 1788 1497 καπνόν.

412 1555 448 1604 5
483 1546 587 1604 κᾶν
619 1555 724 1623 μὲν
760 1550 1005 1624 σφοδρὸς
1041 1545 1340 1623 φερόμενος
1377 1542 1451 1610 εἰς
1485 1545 1669 1619 ὀρθὸν
1705 1550 1882 1624 τρέχῃ,

486 1659 710 1726 γέγηθα
746 1661 841 1712 καὶ
872 1657 1049 1729 χαίρω
1086 1675 1140 1708 τι
1173 1655 1268 1708 καὶ
1305 1649 1701 1724 πτερύττομαι·

486 1758 558 1815 ἂν
596 1763 655 1815 δὲ
692 1761 922 1833 πλάγιος
958 1764 1051 1817 καὶ
1089 1757 1299 1825 λεπτός,
1336 1756 1548 1824 εὐθέως
1584 1759 1695 1814 νοῶ

487 1861 575 1920 ὅτι
613 1866 776 1923 τοῦτό
811 1889 910 1941 μοι
948 1867 1011 1922 τὸ
1053 1868 1276 1923 δεῖπνον
1311 1863 1438 1919 ἀλλ’
1475 1863 1599 1920 οὐδ’
1640 1858 1772 1937 αἷμ’
1811 1864 1935 1938 ἔχει.

2191 397 2202 500 Ξ

2191 562 2202 642 4

381 2025 683 2076 Athenaeus
720 2024 792 2077 Vl
830 2041 882 2092 p.
920 2023 1101 2074 2361„
1156 2019 1250 2071 καὶ
1300 2015 1443 2071 ἄλλα
1491 2018 1550 2072 δὲ
1586 2019 1819 2074 τοιαῦτα
1856 2020 2087 2089 ἐπιλέγει
2191 2015 2197 2025 ’

239 2108 270 2162 ὁ
309 2109 408 2161 τοῦ
440 2106 788 2180 Ἐπιχάρμου
824 2106 1149 2180 παράσιτος.
1224 2103 1255 2159 ὁ
1293 2105 1352 2159 δὲ
1387 2106 1540 2179 παρά
1579 2108 1665 2183 τῷ
1699 2107 1912 2182 Διᾳίλῳ
1955 2107 2086 2163 τάδε

240 2197 418 2269 φησίν
441 2191 628 2250 (Ὀταν
661 2197 775 2252 κτλ.
850 2200 940 2252 Vs.
978 2203 1013 2252 2
1049 2194 1120 2248 τά
1155 2193 1414 2268 τρίγλυφ’
1447 2192 1575 2249 οὐδὲ
1611 2195 1711 2261 τὰς
1746 2199 1959 2267 στέγας.
2006 2204 2086 2253 En

230 2291 377 2340 'enim
410 2291 586 2340 mirari
623 2293 676 2338 et
713 2287 926 2338 laudare
963 2289 1200 2338 solebant
1223 2288 1311 2353 qui
1348 2287 1693 2355 elegantiores
1730 2295 1783 2340 et
1804 2290 2085 2342 modestio-
2187 2291 2189 2294 ’

236 2374 324 2426 'res
371 2392 488 2426 esse
540 2376 750 2425 vellent.
831 2375 1207 2441 Aristophanes
1262 2376 1417 2440 Vesp.
1458 2375 1628 2426 1209:
1680 2370 1975 2427 ἐπαίνεσόν
2029 2393 2083 2427 τι

240 2459 351 2511 τῶν
381 2456 774 2529 χαλκωμάτων,
811 2453 1029 2529 ὀροφὴν
1065 2460 1310 2523 θέασαι,
1361 2454 1610 2530 κρεκάδι’
1644 2456 1815 2526 αὐλῆς
1851 2458 2086 2531 θαύμα-

239 2567 356 2604 σον.
444 2556 589 2619 Quae
636 2567 753 2601 cum
792 2551 1088 2601 Homericis
1127 2552 1314 2617 Odyss.
1354 2551 1425 2603 lv
1462 2550 1534 2599 43
1586 2554 1875 2618 composuit
1920 2554 2084 2605 Athe-

232 2654 399 2691 ·nseus
436 2641 482 2693 V
519 2657 569 2707 p.
593 2640 697 2689 179
717 2654 758 2689 s,
798 2665 869 2672 ——-
908 2639 996 2691 Vs.
1034 2639 1070 2688 5
1106 2636 1362 2707 σφοδραῖς
1400 2639 1460 2691 C.
1496 2665 1567 2672 --
1604 2638 1696 2691 Vs.
1733 2642 1766 2690 6
1800 2647 1922 2692 ante
1958 2641 2083 2693 Din-

239 2729 463 2779 dorfium
510 2719 907 2794 πτερύσσομαι.
991 2726 1228 2777 Imitatur
1262 2725 1530 2795 Aristoph.
1567 2726 1738 2778 Nubb.
1776 2729 1943 2778 1136:
1988 2726 2083 2778 πέ-

242 2831 413 2882 φρικα
449 2815 544 2865 καὶ
581 2812 801 2864 δέδοικα
834 2812 930 2862 καὶ
965 2808 1350 2880 βδελύττομαι,
1388 2831 1520 2882 quae
1548 2822 1729 2874 mutuo
1764 2815 1980 2882 sumpsit
2017 2818 2081 2867 ab
2162 2842 2166 2857 ·

230 2904 591 2975 ‘Aristophane
630 2902 876 2968 Alciphro
914 2903 1082 2968 Epist.
1121 2903 1141 2953 l
1179 2905 1231 2955 4.
1285 2934 1355 2944 —
1400 2904 1489 2955 Vs.
1528 2904 1563 2952 7
1600 2895 1672 2952 ἂν
1708 2903 1919 2955 Grotius
1954 2905 2080 2956 Exc.

232 3006 290 3056 p.
325 2979 431 3040 799
470 3008 563 3056 pro
601 2987 711 3039 ἐάν.
750 3021 818 3034 -,-
859 2991 1002 3041 Vs.8
1038 3008 1131 3056 pro
1169 2984 1294 3039 ἀλλ’
1335 2983 1464 3040 οὐδ’
1505 2980 1631 3057 αἷμ’
1671 2986 1779 3058 ἔχει
1815 2992 2080 3044 lacobsius
2155 3020 2193 3062 -3

172 3069 174 3071 ¹
230 3077 413 3128 Addit.
446 3095 496 3143 p.
518 3080 619 3128 140
657 3068 794 3135 ἅλας
830 3069 896 3125 οὐ
936 3070 991 3125 δ’
1032 3068 1162 3146 αἷμ’
1204 3074 1325 3145 ἔχει,
1361 3079 1414 3129 id
1450 3084 1507 3129 ut
1543 3081 1611 3130 sit
1647 3069 1784 3139 ἅλας
1819 3080 1920 3145 μὲν
1955 3074 2078 3145 ἔχει,

231 3154 380 3230 αἷμα
419 3162 477 3212 δὲ
513 3160 609 3214 οὐκ
647 3161 795 3231 ἔχει(
826 3170 976 3234 Quod
1014 3169 1192 3235 plures
1228 3168 1293 3217 ob
1330 3181 1538 3217 caussas
1575 3166 1704 3218 ferri
1743 3183 1847 3218 non
1882 3172 2073 3232 potest.

228 3251 534 3303 ›Erfurdtius
593 3251 807 3305 Observ.
865 3273 917 3322 p.
969 3258 1074 3308 459
1128 3256 1332 3322 scripsit
1386 3247 1516 3302 ἀλλ’
1568 3248 1699 3303 οὐδ’
1758 3246 1899 3315 ἅλας
1950 3251 2072 3322 ἔχει.

232 3339 373 3390 Sane
445 3340 707 3404 frequenti
767 3344 863 3395 usu
922 3346 1042 3395 trita
1103 3351 1184 3396 est
1231 3343 1472 3404 formula,
1532 3343 1669 3409 apud
1725 3349 1908 3409 poetas
1966 3361 2071 3395 ma·-

233 3428 368 3478 xime
412 3429 774 3492 non”atticos,
827 3425 951 3479 οὐδ’
992 3423 1100 3481 ἅλα
1152 3414 1374 3492 δοῦναι,
1425 3432 1491 3484 de
1541 3448 1601 3484 re
1649 3432 1735 3485 vili
1773 3432 2072 3499 nulliusque
