2202 3918
254 198 324 249 18
509 211 523 242 τ.
561 236 563 238 .
669 226 673 235 2
956 189 1404 244 PHILEMONIS

724 327 1589 399 ἸΙΑΝΗΓΥΡΙΣ

1163 442 1205 492 1.

1054 541 1171 608 Τὴν
1207 539 1480 596 πλατεῖάν
1517 561 1609 597 σοι
1642 542 1818 615 μόνον

543 649 753 715 ταύτην
790 648 1085 715 πεποίηκεν
1121 646 1151 702 ὁ
1190 645 1483 719 βασιλείῃ

406 772 590 826 Pollux
627 768 701 821 IX
737 767 807 818 38
857 767 923 818 de
965 782 1107 818 *voce
1145 765 1379 818 πλατεῖα
1425 784 1612 835 agens:
1660 759 1976 835 Φιλήμονος
2023 768 2124 835 μὲν

266 863 325 916 ἐν
361 852 679 925 Πανηγὺρει
718 847 971 914 ειπόντος
1014 850 1133 918 Τήν
1169 853 1437 906 πλατεῖαν
1472 853 1586 906 κτλ.
1672 859 1942 957 Bentleiue
1989 857 2123 909 haec

264 969 369 1009 uno
406 964 559 1002 versu
597 946 860 997 trochaico
899 945 1216 1013 continuavit
1252 945 1564 1012 scripsitque
1611 939 1891 1015 πεποίηχ’.
1936 941 2120 998 Idem

266 1036 439 1110 μόνον
476 1034 693 1089 mutavit
728 1034 781 1085 in
814 1027 983 1102 μόνω.
1168 1102 1216 1153 n

616 1201 925 1276 Αἰγύπτιος
961 1201 1271 1276 θοὶμάτιον
1305 1200 1592 1276 ἧρόάλωσέ
1625 1224 1753 1276 μου.

405 1318 635 1390 Etymol.
684 1317 760 1368 M.
813 1333 864 1383 p,
902 1315 1007 1366 436
1059 1316 1157 1367 41:
1213 1307 1548 1386 Ἠρδάλωσε.
1628 1310 1898 1384 Φιλήμων
1943 1307 2119 1380 Αἰγύ-
2201 1344 2202 1349 =

266 1429 423 1473 πτιος
459 1409 571 1462 κτλ,
650 1398 777 1476 ἀντὶ
824 1399 923 1453 τοῦ
967 1398 1307 1470 ἦσβόλησεν,
1355 1397 1632 1470 ἕμόλυνεν.
1704 1407 1784 1459 Ad
1824 1406 2118 1474 Panegyrin

265 1499 445 1553 rettuli
491 1500 705 1550 auctore
753 1494 1002 1546 Enotiano
1034 1494 1180 1545 Lex.
1219 1494 1379 1561 Hipp.
1431 1510 1483 1560 p.
1520 1495 1617 1545 98:
1672 1491 1735 1545 τὸ
1788 1492 2026 1563 μολῦναι
2078 1485 2116 1556 ἢ
2201 1485 2202 1496 ³

267 1583 510 1661 ῥυπᾶναι
556 1577 880 1651 άρδαλιὸσαι
928 1579 1159 1647 λέγεται.
1211 1612 1281 1623 —-
1343 1576 1684 1650 Φερεκράτης
1737 1581 1795 1633 ἐν
1855 1577 2115 1659 Θαλάττῃ

267 1676 360 1729 2er
403 1666 673 1740 Φιλήμων
712 1663 1051 1740 Πανηγύρει.
1126 1672 1221 1726 Cfr
1256 1674 1320 1726 nd
1360 1672 1609 1724 Pherecr.
1648 1691 1699 1741 p.
1737 1675 1859 1726 276.

817 1861 884 1913 H
912 1861 972 1914 A
1010 1861 1065 1913 Ρ
1093 1863 1148 1915 Ε
1178 1861 1210 1914 1
1245 1862 1301 1914 Σ
1333 1863 1371 1916 I
1401 1861 1458 1916 Ω
1496 1864 1575 1919 Ν.

1171 1972 1211 2024 Ι.

1072 2071 1213 2138 Τούς
1248 2073 1307 2127 ἐν
1344 2073 1411 2150 τῇ
1446 2071 1602 2129 πόλει

477 2177 763 2252 μάρτυρας
799 2177 900 2250 ἔχω
936 2174 1058 2251 γάρ,
1094 2173 1182 2234 ὅτι
1215 2177 1386 2251 μόνος
1422 2178 1640 2253 φύσκην
1677 2155 1836 2248 ποιῶ,

478 2284 808 2352 κάνδαυλον,
846 2283 942 2359 ᾠά,
980 2287 1168 2360 θρῖον,
1204 2287 1263 2340 ἐν
1298 2286 1487 2362 στενῷ.
1561 2287 1615 2340 τί
1651 2286 1756 2358 γάρ

478 2390 689 2447 τούτων
727 2388 1008 2464 διάπτωμ’
1050 2390 1248 2462 ἐγένετ’
1290 2389 1327 2459 ἢ
1360 2391 1644 2466 ’μάρτημα
1681 2390 1767 2462 τίς

411 2504 711 2557 Athenaeus
749 2505 852 2556 XII
891 2501 1066 2571 p.516
1086 2502 1135 2554 f:
1170 2476 1499 2571 μνημονεύει
1536 2499 1636 2553 τοῦ
1670 2495 1985 2553 κανδαύλου
2019 2499 2114 2552 καὶ

278 2585 546 2658 Φιλήμων
583 2590 641 2641 ἐν
677 2586 1038 2659 Παρεισιόντι
1076 2581 1249 2651 οὕτως
1302 2588 1444 2653 Τοὺς
1480 2590 1538 2641 ἐν
1573 2589 1686 2643 κτλ.
1759 2593 1903 2646 Vs.3
1939 2593 2112 2644 addidi
2199 2614 2202 2643 ;

272 2673 393 2747 γάρ.
445 2680 575 2733 Ibid.
614 2679 673 2731 ἐν
709 2676 896 2751 στενῷ,
935 2682 1081 2732 brevi
1118 2684 1390 2749 tempore?
1428 2681 1726 2734 Menander
1762 2681 1905 2732 Ploc.
1942 2681 2016 2732 IX
2052 2684 2113 2733 2:
2198 2724 2202 2732 .

270 2763 467 2835 μικρόν
515 2786 568 2819 τι
618 2767 682 2821 τὸ
719 2766 846 2837 βίου
884 2769 978 2819 καὶ
1015 2765 1209 2820 στενὸν
1245 2766 1417 2837 ζῶμεν
1447 2763 1667 2838 χρόνον.
1756 2770 1888 2821 Sunt
1935 2774 2108 2822 autem
2192 2802 2195 2818 ,»

272 2858 424 2923 coqui
461 2860 644 2921 verba,
695 2877 758 2912 ex
795 2861 938 2912 cuius
976 2858 1219 2911 sermone
1256 2859 1411 2911 etiam
1448 2873 1671 2925 sequens
1715 2856 1899 2926 fragm.
1938 2875 2110 2912 serva-

271 2950 381 2998 tum
420 2951 517 2998 est.

1157 3016 1225 3067 11.

552 3120 693 3190 Περὶ
734 3116 1068 3173 τούπτάνιον
1103 3116 1170 3172 οὗ
1206 3115 1435 3188 γίγνεθ’
1471 3117 1506 3185 ἡ
1546 3117 1841 3192 σκευωρία·

555 3220 943 3295 τραπεζοποιός
978 3223 1094 3279 ἐστ’
1135 3226 1225 3279 ἐπὶ
1262 3224 1362 3279 τοῦ
1394 3226 1683 3281 διακονεῖν.

415 3332 712 3386 Athenaeus
753 3336 824 3388 IV
862 3353 913 3402 p.
955 3337 1058 3387 170
1078 3335 1126 3386 f:
1186 3327 1414 3385 ἐκάλουν
1462 3333 1521 3385 δὲ
1572 3325 1966 3404 τραπεζοποιὸν
2013 3326 2112 3382 τὸν
2178 3327 2188 3378 ἓ

274 3415 550 3483 τραπεζῶν
597 3417 926 3487 ἐπιμελητὴν
978 3423 1072 3473 καὶ
1122 3420 1218 3485 τῆς
1255 3418 1423 3486 ἄλλης
1459 3419 1766 3492 εὐκοσμίας.
1845 3414 2113 3487 Φιλήμων
2179 3421 2185 3460 ί
