2202 3918
581 214 921 272 ΓΝΩΜΑΙ
950 214 1042 270 ’Μ
1044 211 1504 270 ΟΝΟΣΤΙΧΟΙ.

255 355 359 428 Εἷς
391 361 512 416 ἔστι
547 358 746 424 δοῦλος
781 354 966 423 οἰκίας.
995 356 1028 413 ὁ
1066 355 1354 425 δεσπότης.

256 447 557 522 Ἐμπειρία
590 447 699 521 γὰρ
732 448 832 514 τῆς
866 444 1138 521 ἀπειρίας
1159 448 1363 521 κρατεῖ.

120 546 226 597 17⁰
255 533 772 594 Ἐπιλανθάνονται
808 533 1015 601 πάντες
1048 538 1105 592 οἱ
1141 533 1431 601 παθόντες
1466 524 1546 594 εἶ’.

247 627 434 685 ’Ἔνιοι
470 629 530 682 δὲ
565 629 661 682 καὶ
695 626 927 698 μισοῦσι
953 625 1083 691 τοὺς
1117 624 1416 698 εὐεργέτας.

258 713 335 773 Εἰ
365 716 445 788 μὴ
482 713 789 789 φυλάσσεις
822 712 999 787 μίκρ’,
1034 712 1257 779 ἀπολεῖς
1291 714 1366 768 τὰ
1400 711 1643 786 μείζονα.

266 803 344 862 Εἰ
375 805 593 872 θνητὸς
628 795 695 869 εἶ,
729 804 994 874 βέλτιστε,
1030 802 1224 870 θνητὰ
1259 805 1357 858 καὶ
1392 801 1607 876 φρόνει.

261 894 446 966 Εὕχου
482 891 542 948 δ’
583 891 724 964 ἔχειν
758 911 829 957 τι,
866 886 972 944 κᾶν
1006 889 1129 966 ἔχῃς
1166 892 1300 959 ἕξεις
1336 890 1558 965 φίλους.-

115 986 228 1039 175
254 981 460 1037 ’‘Eotw
493 980 559 1038 τὸ
597 981 831 1052 τολμᾶν,
864 969 908 1032 ὦ
949 977 1094 1051 φίλ’,
1134 977 1339 1051 ἀνδρὸς
1375 979 1443 1035 οὐ
1480 981 1682 1056 σοᾳοῦ.

258 1069 362 1126 Ἐν
395 1069 645 1143 μυρίοισι
682 1069 751 1124 τὰ
786 1066 930 1124 καλὰ
966 1066 1214 1138 γίγνεται
1248 1067 1458 1135 πόνοις.
1502 1099 1504 1102 -

251 1157 478 1232 ’Έργοις
515 1158 820 1233 φιλόπονος
856 1158 989 1212 ἴσθι
1023 1156 1100 1230 μὴ
1138 1157 1322 1228 λόγοις
1356 1158 1550 1231 μόνον.

265 1247 463 1322 Εὑρεῖν
499 1249 564 1304 τὸ
602 1247 822 1304 δίκαιον
856 1247 1151 1318 πανταχῶς
1187 1245 1254 1301 οὐ
1287 1246 1502 1325 ῥᾴδιον.

256 1335 461 1392 Ἔστιν
495 1336 659 1405 Δίκης
693 1333 1018 1410 ὀφθαλμός,
1056 1332 1120 1401 ὃς
1159 1336 1229 1390 τὰ
1264 1336 1455 1392 πάνθ’
1497 1337 1620 1418 ὁρᾷ.

30 1443 33 1519 1
126 1431 234 1482 180
267 1423 685 1484 Ἐλεεινότατόν
719 1445 819 1498 μοι
854 1422 1078 1498 φαίνετ’
1116 1422 1319 1496 ἀτυχία
1356 1426 1550 1500 ᾳίλου.
1599 1489 1602 1492 ,

264 1513 365 1569 Ἐκ
398 1516 509 1568 τῶν
541 1515 818 1584 γυναικῶν
853 1512 1082 1569 ὄλλυται
1115 1511 1323 1586 κόσμος
1355 1518 1546 1588 μέγας.

260 1600 429 1658 ’Ἐστι
464 1600 573 1657 κᾶν
606 1606 860 1658 κακοῖσιν
892 1601 1099 1670 ἡδονῆς
1134 1623 1187 1658 τι
1224 1606 1445 1677 μέτρον.

267 1690 582 1748 Εὕπειστον
617 1689 760 1766 ἀνὴρ
797 1691 1069 1764 δυστυχὴς
1103 1697 1199 1748 καὶ
1235 1693 1593 1767 λυπούμενος.

266 1779 370 1850 Ἐξ
406 1780 611 1849 ἡδονῆς
646 1782 755 1855 γὰρ
791 1779 995 1855 φύεται
1028 1781 1094 1836 τὸ
1134 1783 1441 1856 δυστυχεῖν.

31 1895 34 1911 1
128 1875 236 1929 185
272 1869 551 1944 Εὐνοῦχος
583 1870 720 1927 ἄλλο
756 1869 966 1945 θηρίον
1001 1873 1113 1925 τῶν
1147 1872 1207 1926 ἐν
1244 1872 1365 1948 βίῳ.
1444 1896 1446 1898 ·

275 1959 475 2029 Ζήσεις
509 1960 641 2034 βίον
676 1959 995 2034 κράτιστον,
1032 1957 1104 2016 ἂν
1137 1963 1339 2035 θυμοῦ
1374 1962 1593 2040 κρατῇς.

276 2050 442 2120 Ζὴτει
475 2051 715 2107 σεαυτὸν
749 2050 1055 2119 καλλίστην
1089 2049 1367 2120 εὐδοξίαν.

278 2138 446 2207 Ζὴτει
482 2139 696 2214 σεαυτῷ
732 2136 1027 2211 σύμμαχον
1063 2141 1175 2194 τῶν
1209 2138 1572 2215 πραγμάτων.

282 2231 477 2301 Ζῶμεν
512 2226 651 2299 πρὸς
686 2225 867 2295 αὐτὴν
899 2228 1004 2295 τὴν
1041 2227 1212 2301 τύχην
1248 2232 1303 2285 οἱ
1339 2227 1636 2303 σώφρονες.
1820 2276 1826 2281 .

141 2325 247 2376 loo
283 2319 478 2391 Ζῶμεν
513 2317 621 2390 γὰρ
657 2314 758 2388 οὐχ
795 2314 869 2382 ὥς
908 2321 1168 2391 θέλομεν,
1204 2317 1330 2374 ἀλλ’
1367 2318 1444 2384 ώς
1478 2318 1799 2391 δυνάμεθα.

283 2407 445 2474 Ζῆθι
485 2403 878 2480 προσεχόντως,
912 2405 988 2472 ὥς
1021 2407 1245 2482 μακρὰν
1280 2407 1438 2480 ἐγγυς
1475 2411 1733 2478 βλέπων.·
1859 2415 1862 2419 ’

280 2495 467 2564 Ζήλου
501 2498 602 2550 τὸν
637 2495 855 2551 ἐσθλὸν
890 2494 1071 2570 ἄνδρα
1105 2500 1203 2553 καὶ
1238 2497 1338 2552 τὸν
1375 2495 1660 2572 σώφρονα.
1726 2529 1733 2562 ·.

283 2587 442 2653 Ζωῆς
478 2587 724 2659 πονηρᾶς
759 2582 1018 2651 θάνατος
1053 2580 1422 2660 αἱρετώτερος.

283 2677 400 2743 Ζῆν
436 2673 771 2748 βουλόμενος
806 2674 884 2746 μὴ
922 2675 1126 2748 πρᾶττε
1163 2674 1430 2730 θανάτου
1465 2671 1616 2746 ἄξια.

146 2771 253 2825 195
292 2767 469 2832 Ζῆλος
506 2763 765 2835 γυναικὸς
800 2763 989 2819 πάντα
1027 2766 1302 2838 πυρπολεῖ
1334 2762 1527 2837 δόμον.

288 2854 458 2923 Ζὴτει
494 2855 828 2924 συναγαγεῖν
863 2854 921 2908 ἐκ
957 2853 1189 2908 δικαίων
1226 2853 1324 2908 τὸν
1360 2853 1505 2924 βίον.

290 2947 561 3016 Ζευχθεὶς
597 2942 866 3013 γάμοισιν,
897 2938 996 2997 οὐκ
1032 2939 1117 2997 ἔτ’
1159 2940 1275 2999 ἔστ’
1318 2935 1628 3016 ἐλεύθερος.

290 3036 409 3101 Ζῆν
445 3031 545 3087 οὐκ
582 3031 693 3086 ἔδει
729 3035 962 3102 γυναῖκα
999 3032 1141 3086 κατὰ
1180 3031 1416 3097 πολλοὺς
1454 3031 1704 3106 τρόπους.

296 3123 463 3191 Ζὴτει
498 3124 731 3193 γυναῖκα
767 3119 1064 3194 σύμμαχον
1099 3121 1210 3176 τῶν
1246 3119 1604 3195 πραγμάτων.

150 3220 257 3273 2⁰0
294 3214 488 3285 Ζῶμεν
522 3208 829 3281 ἀλογίστως
865 3212 1275 3284 προσδοκῶντες
1309 3213 1387 3284 μὴ
1425 3214 1678 3271 θανεῖν-

295 3304 414 3371 Ζῆν
448 3300 621 3369 ἡδέως
659 3297 759 3355 οὐκ
795 3301 946 3357 ἔστιν
981 3299 1155 3374 ἀργὸν
1188 3306 1284 3356 καὶ
1318 3300 1504 3360 κακόν.

282 3389 378 3448 ”H
416 3393 512 3460 ζῆν
549 3387 771 3456 ἀλύπως
803 3387 841 3458 ἢ
879 3394 1085 3447 θανεῖν
1121 3388 1507 3462 εὐδαιμόνως.·
1567 3423 1570 3426 «

289 3480 470 3548 ”Ηθη
512 3480 727 3553 πονηρὰ
762 3479 865 3548 τὴν
901 3477 1075 3554 φύσιν
1112 3482 1450 3556 διαστρέφει.
