2202 3918
268 189 374 239 840
680 183 1181 236 PHOENlClDES.
1256 183 1693 236 POSlDlPl’US.

680 361 1707 442 PHOENICIDES.

787 585 886 635 Ex
926 585 1241 636 lNcmRTA
1281 586 1581 636 FABULA.

268 691 388 743 Non
426 704 638 756 possum
675 690 831 741 vitam
869 691 1063 741 ducere
1100 691 1236 741 hanc
1272 691 1635 753 meretriciam,
1689 713 1691 716 ·

270 781 343 829 ita
381 794 466 828 me
505 778 682 830 Venus
721 784 876 842 amet,
917 779 1161 846 Pythian:
1201 795 1299 831 nec
1337 781 1419 831 dic
1458 780 1605 842 mihi,

272 867 513 933 diuperii:
552 867 681 917 nihil
718 869 772 918 id
811 868 874 918 ad
914 880 1016 931 me,
1057 869 1212 934 cupio
1250 870 1522 921 absistere.

272 959 472 1006 amator
508 955 705 1021 primus
746 957 931 1023 obtigit
968 958 1115 1007 miles
1155 958 1312 1008 mihi:

272 1045 318 1095 is
356 1044 480 1094 mihi
517 1046 758 1096 narrabat
797 1062 997 1112 pugnas
1036 1046 1342 1107 liberaliter,
1434 1080 1437 1084 -

272 1135 328 1183 et
364 1131 580 1182 vulnera
619 1136 927 1194 ostentabat,
966 1134 1058 1182 sed
1099 1134 1253 1182 dabat
1292 1133 1438 1183 nihil.

271 1219 462 1271 multas
499 1235 529 1269 a
568 1220 717 1287 Rege
754 1237 812 1271 se
849 1222 1094 1271 retulisse
1132 1221 1324 1286 gratias

271 1308 610 1370 memorabat,
647 1314 892 1375 repetens
930 1309 1028 1359 hoc
1066 1308 1352 1358 identidem
1392 1308 1536 1370 mihi,

271 1401 326 1448 et
361 1402 578 1464 propter
613 1396 728 1448 illas
767 1414 892 1463 quas
931 1399 1172 1449 narrabat
1210 1398 1401 1464 gratias

272 1490 442 1536 totum
480 1485 577 1535 sibi
615 1501 805 1535 annum
844 1503 925 1537 me
964 1487 1194 1536 ductavit
1231 1487 1439 1552 gratiis:

278 1591 438 1641 quare
476 1575 616 1624 hunc
652 1574 855 1639 reliqui.
930 1576 1159 1640 glorioso
1199 1575 1351 1624 militi

275 1664 528 1715 successit
567 1663 813 1724 medicus,
853 1665 1042 1714 multos
1083 1665 1171 1729 qui
1211 1662 1466 1728 quottidie

275 1752 466 1802 urebat
503 1756 557 1801 et
594 1752 819 1810 secabat,
859 1768 1058 1818 pauper
1091 1751 1341 1812 carnifex,

275 1842 365 1905 qui
402 1840 530 1890 mihi
569 1840 731 1889 multo
770 1840 873 1888 illo>
901 1840 1040 1889 visus
1078 1843 1160 1889 est
1198 1837 1494 1887 crudelior=

276 1928 520 1979 narrabat
557 1927 648 1975 ille
687 1924 826 1990 quod
864 1925 950 1974 hic
989 1925 1214 1975 faciebat
1253 1924 1454 1974 sedulo.

275 2017 512 2067 Fortuna
548 2014 763 2064 tertium
801 2013 929 2062 mihi
969 2014 1111 2063 dedit
1150 2012 1536 2079 philosophum,

278 2104 362 2155 cui
401 2104 614 2170 pallium
655 2108 765 2152 erat
803 2106 856 2150 et
893 2101 1050 2151 barba
1090 2107 1141 2151 et
1179 2116 1475 2150 sermonum
1515 2101 1675 2151 satis:

279 2199 387 2242 tum
425 2207 549 2242 vero
588 2191 639 2241 in
680 2189 1089 2240 manifestarium
1131 2190 1290 2239 incidi
1329 2189 1546 2238 malum:

284 2297 402 2331 nam
443 2280 572 2331 nihil
613 2285 723 2330 erat
762 2279 902 2343 quod
937 2279 1101 2340 daret,
1142 2285 1194 2329 et
1232 2279 1275 2328 si
1315 2278 1436 2343 quid
1476 2292 1764 2343 poscerem,

279 2368 501 2434 pecunia
539 2383 640 2417 non
682 2372 761 2417 est
799 2368 1008 2428 bonum,
1048 2368 1147 2417 ait:
1188 2367 1326 2432 quod
1365 2367 1408 2416 si
1449 2367 1692 2428 dicerem,

280 2472 406 2524 ergo
446 2456 657 2507 malum‘
679 2455 805 2507 illud
846 2457 1060 2520 proiice,
1099 2456 1308 2504 audibat
1345 2455 1492 2504 nihil.

764 2738 1679 2816 POSIDIPPUS.

805 2923 1627 3018 ΑΝΑΒΛΕΠΩΝ

286 3068 403 3131 Ego
442 3066 542 3116 iam
582 3065 735 3115 modo
775 3064 904 3115 adeo
944 3080 1061 3114 cum
1102 3079 1326 3128 coquum
1365 3063 1716 3116 conducerem

289 3169 576 3218 coquorum
616 3155 736 3203 vitia
775 3153 929 3202 facile
969 3153 1221 3218 perdidici
1261 3152 1449 3202 omnia.

287 3258 502 3307 operam
543 3243 664 3291 dum
705 3243 919 3308 cupiunt
956 3241 1092 3292 inter
1127 3257 1184 3291 se
1222 3242 1587 3302 intervertere,

288 3332 402 3382 nasi
441 3331 635 3381 iudicio
676 3338 819 3380 caret
859 3331 961 3390 hic,
999 3331 1223 3390 aiebant,
1262 3329 1452 3378 malum

286 3435 344 3470 os
382 3419 470 3469 isti
510 3425 607 3481 est,
645 3419 722 3470 illi
760 3419 938 3484 lingua
979 3425 1056 3470 est
1097 3434 1199 3470 non
1238 3423 1318 3468 sat
1357 3417 1645 3479 continens„
