2202 3918
258 194 364 245 678
954 188 1407 241 FRAGMENTA

263 329 668 385 Μενίππου
702 331 1003 399 γυναῖκα
1057 324 1478 395 διαβάλλοντες)
1547 325 1749 399 ἀνδρὸς
1802 325 1971 400 φίλου
2025 331 2119 384 καὶ
2195 376 2202 387 .

262 417 843 524 ὑποστρατηγοῦντος,
891 419 966 481 εἴς
1005 431 1060 469 τε
1104 414 1202 479 τὰς
1240 413 1750 519 Πυριλάμπους
1787 414 2120 491 ὀρνιθοτρο·

265 504 516 579 ‹plag-,155-
553 507 762 581 ἑταῖρος
798 525 878 560 ων
900 506 1225 577 Περιιλεους
1263 500 1453 558 αἰτίαν
1480 505 1583 575 εἶχε
1625 508 1893 571 ταῶνας
1931 506 2117 579 ὑφιέ-

265 615 386 651 ναι
434 599 595 661 ταις
640 596 971 667 γυναιξὶν
1021 598 1110 658 αἷς
1161 591 1190 647 ὁ
1248 594 1518 665 [Ιερικλῆς
1567 593 1872 661 ἐπλησίαζε.
1948 602 2120 654 Verba

267 691 454 757 quibus
508 692 737 743 comicus
785 695 942 757 poeta
992 703 1116 739 usus
1165 692 1245 737 est
1296 687 1516 738 diductis
1555 688 1742 738 litteris
1778 688 2121 755 imprimenda

267 777 460 832 curavi.
529 781 812 847 Menippus
850 778 1056 845 quidam
1106 768 1478 844 ἱπποτρόφος,
1529 777 1573 827 si
1624 777 1934 829 scholiastae
1971 779 2121 841 fideS,

268 874 703 920 commemoratur
756 869 820 918 ab
860 865 1210 932 Aristophane
1248 867 1343 916 Av.
1384 865 1539 916 1293.
1592 882 1693 916 non
1749 866 1983 918 diversus
2032 868 2123 918 ille

268 955 495 1008 fortasse
551 973 581 1007 a
638 957 909 1018 Pericleo‚
971 971 1122 1021 quem
1180 960 1550 1005 commemorat
1604 955 1914 1006 Plutarchus
1971 957 2123 1007 etiam

267 1045 450 1097 Praec.
489 1046 635 1112 polit.
675 1063 726 1111 p.
764 1046 869 1096 812
893 1045 941 1094 d.
1032 1045 1108 1094 De
1141 1043 1471 1109 Pyrilampe,
1521 1044 1688 1093 avium
1743 1044 1910 1095 altore
1960 1046 2120 1098 notis-

269 1135 429 1196 simo,
476 1133 791 1200 scriptorum
844 1133 957 1183 loca
1006 1132 1297 1198 composuit
1358 1132 1655 1181 Boeckhius
1693 1132 1910 1183 Dissert.
1954 1135 2000 1184 11
2056 1137 2122 1187 de

267 1227 506 1290 tempore
561 1223 762 1273 Platon.
800 1221 1023 1287 reipubl.
1076 1237 1126 1286 p.
1168 1220 1251 1270 14.
1341 1219 1437 1269 cn·
1492 1219 1556 1269 ad
1610 1220 1886 1285 Eupolidis
1934 1222 2125 1292 fragm.

270 1328 323 1379 p.
362 1312 485 1363 512.
811 1342 814 1343 ν

1048 1384 1096 1411 **
1138 1379 1362 1432 ccclx.

412 1488 725 1540 Plutarchus
762 1487 827 1541 V.
868 1487 1098 1539 Demetr.
1136 1489 1233 1538 27:
1274 1479 1304 1549 ἡ
1344 1476 1540 1552 Λάμια
1580 1482 1654 1556 τῷ
1690 1483 1916 1551 βασιλεῖ’
1945 1503 2127 1556 παρα-

271 1571 611 1640 σκευάζουσα
653 1574 880 1626 δεῖπνον
918 1569 1319 1643 ἠργυρολόγησε
1360 1569 1611 1634 πολλούς.
1675 1573 1768 1625 καὶ
1808 1571 1871 1625 τὸ
1910 1573 2131 1627 δεῖπνον

270 1656 442 1726 οὕτως
495 1659 717 1728 ἤνθησε
773 1661 840 1735 ‘cg‘
898 1659 1032 1734 δόξῃ
1090 1660 1184 1713 διὰ
1237 1659 1339 1726 τὴν
1394 1660 1778 1724 πολυτέλειαν,
1830 1655 1969 1714 ὥστε
2020 1661 2128 1718 ὑπὸ

186 1803 195 1821 s
269 1753 524 1820 Λυγκέως
562 1751 660 1804 τοῦ
678 1749 901 1819 Σαμίου
939 1745 1385 1821 συγγεγράφθαι.
1425 1747 1513 1802 διὸ
1535 1751 1626 1802 καὶ
1655 1750 2028 1820 τῶνκωμικῶν
2051 1773 2130 1817 τις

269 1838 338 1894 οὗ
360 1838 584 1912 φαύλως
606 1825 1012 1908 τηνΛάμιΙαν
1050 1838 1367 1892 ἑλέπολιν
1406 1834 1706 1903 άληθῶς
1736 1843 2007 1910 προσιῖπε.
2051 1847 2129 1898 De

274 1934 474 1994 Lamia,
509 1933 761 1983 Demetrii
783 1933 1111 1982 Poliorcetae
1151 1935 1323 1980 scorto
1362 1929 1728 1991 famosissimo,
1767 1948 1853 1981 res
1893 1941 2013 1984 nota
2052 1942 2131 1986 est

275 2038 338 2072 ex
375 2021 680 2083 Athenae0,
733 2020 818 2085 qui
875 2020 1069 2085 Lyncei
1116 2019 1365 2084 scriptum
1415 2018 1555 2083 quod
1608 2017 1918 2070 Plutarchus
1964 2023 2131 2074 innuit

274 2115 645 2161 commemorat
685 2111 760 2160 lll
810 2126 861 2175 p.
902 2110 1005 2157 1⁰0
1028 2125 1073 2158 e.
1129 2112 1181 2157 et
1222 2107 1291 2159 lV
1342 2125 1389 2173 p.
1433 2106 1535 2156 128
1557 2124 1602 2157 a.
1690 2110 1908 2160 Fallitur
1959 2112 2132 2163 Choe-

274 2201 526 2266 r00boscus
561 2199 695 2266 apud
736 2199 899 2248 Bekk.
940 2196 1118 2247 Anecd
1178 2213 1225 2261 p.
1259 2196 1396 2246 1395
1437 2196 1687 2246 Demetrii
1726 2197 1967 2249 Phalerei
2007 2217 2132 2251 uxo·
2192 2207 2196 2214 “

277 2304 390 2338 rem
431 2288 636 2338 dicens:
672 2280 890 2351 Λοιμία
930 2285 1076 2350 (lege
1116 2277 1335 2348 Λάμια)
1376 2279 1555 2350 ὄνομα
1594 2279 1797 2352 κύριον.
1851 2285 2035 2352 γέγονε
2075 2286 2132 2339 δὲ
2190 2314 2192 2319 ·

276 2370 310 2437 ἡ
345 2390 480 2440 γυνη
520 2369 838 2472 Δημητρίου
879 2370 975 2422 τοῦ
1019 2368 1362 2438 Φαληρέως.
1409 2367 1525 2422 ἔστι
1566 2369 1622 2422 δὲ
1670 2372 1765 2423 καὶ
1802 2392 2131 2446 προσηγορι-

276 2458 390 2525 κόν,
428 2459 495 2511 τὰ
527 2457 812 2529 χάσματα.
851 2453 994 2511 οὕτω
1032 2454 1384 2524 Διογενιανός
1406 2463 1473 2520 ¹⁸).
1511 2462 1714 2527 Argute
1752 2471 1924 2515 autem
1966 2469 2129 2518 comi-
2178 2457 2202 2554 'ff

279 2569 369 2603 cus
404 2553 496 2602 ille
535 2553 761 2602 Lamiam
801 2547 1047 2600 ἑλέπολιν
1084 2548 1316 2609 vocavit,
1353 2549 1491 2613 quod
1530 2549 1772 2600 bellicum
1814 2558 2128 2607 tormentum
2190 2557 2196 2562 ’

278 2657 432 2708 quam
469 2641 697 2691 feliciter
736 2639 1089 2707 expugnandis
1128 2637 1340 2686 urbibus
1378 2637 1673 2688 adhibuerit
1707 2639 1999 2692 Demetrius
2036 2659 2130 2693 no-

274 2721 536 2781 tissimum
587 2734 682 2780 est.
767 2730 873 2780 Sed
922 2729 1060 2779 idem
1104 2725 1256 2776 simul
1306 2725 1371 2775 ad
1419 2727 1675 2776 Helenam
1724 2729 1930 2790 allusit,
1979 2746 2130 2796 quam

280 2819 464 2884 tragici
503 2822 689 2883 poetae
727 2811 972 2866 ἑλέπολιν
1009 2814 1320 2866 vocitabant.
1408 2815 1469 2866 V.
1507 2815 1754 2885 Aeschyli
1792 2820 1972 2885 Agam.
2010 2820 2130 2870 476.

282 2907 548 2973 Euripidis
588 2907 755 2974 lphig.
796 2907 912 2960 Aul.
953 2906 1109 2958 1476.
1150 2903 1308 2952 1511.

1061 3036 1271 3098 CCCIX
1308 3044 1358 3094 b.

618 3149 792 3222 Ἀνὴρ
830 3148 1054 3222 ἄριστος
1094 3144 1270 3202 τᾶλλα
1308 3146 1452 3211 πλὴν
1488 3148 1546 3200 ἐν
1581 3145 1796 3205 ἀσπίδι.

427 3267 733 3321 Plutarchus
774 3272 1013 3338 Compar.
1044 3268 1165 3320 Nic.
1206 3270 1260 3316 et
1298 3266 1475 3316 Crassi
1514 3283 1555 3317 c.
1597 3268 1657 3317 3:
1710 3259 1832 3315 ἀλλ’
1871 3259 1944 3324 ὠς
1996 3260 2131 3315 ἔοικε

289 3385 334 3398 -ι

389 3452 428 3505 *)
459 3452 718 3506 Hesychius,
748 3444 962 3507 Λάμβακ
994 3446 1047 3493 τὰ
1075 3448 1297 3506 χάσματα.
1358 3453 1479 3507 Lege
1510 3444 1719 3506 Λάμιαι·γ
1741 3446 1795 3490 τὰ
1825 3445 2048 3504 φάσματα.
