2202 3918
845 158 1276 214 PRAEFATIO.
1940 180 1995 214 lx

134 298 451 373 λεπτοτάτῳ
486 295 991 369 περιλαμπόμενος,
1041 302 1238 369 φὐτοῖς
1274 296 1575 352 ἀειθαλέσι
1609 300 1826 368 κομῶν,
1863 298 1918 353 εἰ
1928 321 1994 352 ω-

134 388 262 452 δίας
296 386 537 459 πλήρης,
588 387 774 458 φωτὸς
821 386 1086 457 ἕμπλεος,
1133 381 1280 458 ὥρας
1316 383 1544 452 ἀπάσης
1580 381 1867 454 αἰσθητῆς
1902 391 2000 443 καὶ

132 474 367 540 κάλλους
410 473 761 546 ὑπερβαίνων
809 474 1046 530 ἔννοιαν.
1118 481 1258 539 τινὲς
1304 480 1406 546 μὲν
1453 464 1554 530 οὖν
1588 474 1687 528 τὸν
1725 474 1997 549 παράδει-

134 585 237 620 σον
292 560 580 630 αἰσθητὸν
645 562 1130 635 ἐφαντάσθησαν,
1196 565 1368 636 ἕτεροι
1428 565 1487 618 δὲ
1544 560 1765 630 νοητόν.
1854 565 2001 631 πλὴν

135 654 318 726 ἔμοιγε
357 653 518 717 δοκεῖ,
556 646 743 724 ὥσπερ
781 651 811 707 ὁ
849 650 1154 726 ἅνθρωπος
1193 648 1475 719 αἰσθητὸς
1509 654 1604 706 καὶ
1640 650 1836 720 νοητὸς
1873 648 1997 725 ἅμα

137 738 635 813 δεδημιούργηται,
703 735 846 796 οὕτω
897 745 991 795 καὶ
1047 741 1112 795 τὸ
1169 739 1371 796 τούτου
1428 738 1725 814 ἱερώτατον
1775 743 2026 813 τέμενος,

134 827 424 895 αἰσθητὸν
473 823 594 900 ἅμα
638 833 734 884 καὶ
783 831 988 897 νοητὸν
1031 834 1127 885 καὶ
1173 830 1379 897 διπλῆν
1427 827 1550 901 ἔχον
1588 829 1692 896 τὴν
1729 829 1996 904 ἔμφασιν.

133 922 333 983 Huius
385 921 568 1003 igitur
606 921 941 997 doctrinae,
994 944 1110 1004 qua
1152 922 1472 1006 paradisus
1532 943 1649 983 non
1711 927 1997 998 αἰσθητὸς

133 1025 244 1087 sed
285 1033 481 1102 νοητὸς
516 1044 662 1085 esse
713 1024 1090 1105 credebatur,
1135 1025 1396 1106 vestigia
1440 1025 1498 1085 in
1535 1024 1735 1087 Photii
1780 1023 1996 1106 glossa

135 1127 611 1211 deprehendisse
669 1127 806 1189 mihi
864 1127 1091 1190 videor.
1177 1128 1348 1202 Quae
1401 1127 1456 1189 si
1514 1147 1658 1190 vera
1701 1133 1798 1190 est
1843 1147 1995 1189 con-

137 1230 398 1307 iectura,
453 1236 716 1313 apertum
761 1238 858 1293 est
902 1230 1272 1315 ineptissime
1315 1230 1675 1293 comicorum
1717 1230 1991 1292 testimo·

139 1333 297 1392 nium
341 1331 646 1409 advocari,
688 1353 932 1413 quorum
975 1334 1035 1394 in
1079 1334 1271 1395 locum
1305 1333 1597 1414 quodnam
1637 1332 1994 1414 scriptorum

132 1454 330 1515 genus
379 1433 856 1495 substituendum
913 1434 995 1495 sit
1038 1434 1325 1496 historiae
1368 1433 1832 1496 ecclesiasticae
1877 1455 1992 1516 pe-

133 1537 231 1598 riti
250 1535 524 1598 viderint.
539 1534 807 1597 Priorem
820 1536 1072 1617 glossae
1085 1542 1411 1619 partem,ut
1434 1536 1549 1598 hoc
1576 1535 1810 1613 addam,
1824 1536 1990 1598 fors-

131 1639 312 1701 auita
344 1639 629 1720 refingaS,
667 1646 1153 1722 Παράδεισοςε
1202 1649 1271 1705 τὰ
1310 1645 1558 1714 ἐνεστώς.
1621 1649 1883 1722 σημαίνει
1935 1651 1993 1704 δὲ

133 1748 254 1810 οἷον
289 1752 353 1808 τὸ
388 1753 448 1807 ἐν
483 1749 822 1825 περιπάτοις.
863 1745 928 1804 In
956 1765 1071 1826 quo
1115 1752 1344 1818 ἐνεστώς
1380 1742 1459 1806 de
1495 1741 1620 1806 vita
1645 1748 1787 1825 post
1828 1763 1991 1803 mor-

131 1856 249 1910 tem
293 1847 675 1929 interpretor.
750 1845 922 1921 Quae
965 1848 1233 1931 proxime
1276 1851 1624 1929 sequuntur,
1665 1857 1778 1909 θαι
1807 1857 1993 1909 τεθει-

135 1963 312 2035 μένως
330 1959 431 2027 τὴν
456 1956 873 2027 ἀναισθησίαν,
905 1964 1020 2012 non
1050 1949 1330 2034 expedio·
1375 1947 1660 2012 Ceterum
1680 1967 1762 2010 ex
1782 1946 1994 2009 eodem

137 2055 302 2115 sonte
344 2051 544 2113 hausit
583 2058 791 2112 auctor
832 2052 1084 2133 glossae
1109 2052 1540 2134 Hesychianae
1562 2050 1781 2112 misere
1818 2055 1990 2110 trun-

32 2224 34 2241 A
132 2163 325 2231 caiae,
369 2159 866 2234 Παράδεισος;
904 2161 1132 2216 τίθεται
1168 2162 1260 2216 ἐπὶ
1296 2163 1409 2216 τῶν
1446 2158 1839 2228 ἀναισθήτων.
1879 2156 1996 2225 οἷός

33 2250 35 2254 ’
131 2255 285 2310 ἐστιν
318 2253 379 2308 ἐν
411 2247 750 2324 περιπάτοις.

300 2380 494 2442 Porro
538 2377 656 2440 alia
692 2384 997 2461 poetarum
1044 2378 1376 2460 fragmenta
1419 2383 1577 2452 sunt,
1622 2398 1774 2458 qnae
1817 2399 1992 2459 quum

131 2481 327 2546 critici
385 2483 460 2544 'ob
518 2481 799 2543 metricas
844 2482 1112 2562 aliasque
1158 2480 1425 2543 rationes
1468 2480 1722 2561 tragicis
1765 2481 1992 2564 poetiS,

130 2586 343 2668 quibus
387 2605 468 2647 ex
511 2585 789 2647 librorum
834 2584 952 2647 fide
995 2582 1358 2661 tribuuntur',
1403 2584 1730 2666 eripuerint
1774 2590 1836 2646 et
1878 2605 1987 2646 co·-

37 2740 40 2756 .
131 2687 303 2751 micis
348 2686 544 2771 poetis
587 2686 895 2750 vindicare
949 2685 1280 2762 voluerint,
1342 2692 1567 2762 tamen,
1622 2685 1795 2749 modo
1836 2708 1990 2768 quae

38 2838 41 2847 .
132 2799 414 2874 corrupta
457 2797 599 2852 sunt
638 2790 1044 2867 emendentur,
1087 2787 1339 2870 tragicis
1378 2793 1544 2850 recte
1588 2788 1849 2852 adscribi
1896 2790 1991 2850 in-

133 2893 456 2975 tellegitur.
522 2893 711 2967 Quam
744 2914 867 2955 rem
893 2892 1124 2955 duobus
1155 2890 1450 2974 exemplis
1487 2889 1792 2954 illustrare
1826 2892 1987 2955 libet.

133 2995 318 3082 Apud
366 2995 691 3060 Stobaeum
735 2994 902 3057 Flor.
949 2994 1101 3057 cvl
1148 2993 1187 3055 6
1233 2993 1383 3056 haec
1427 2992 1738 3075 leguntur:

372 3107 454 3173 ι,Ω
494 3119 685 3189 γῆρας,
723 3113 851 3174 οἵαν
885 3117 1069 3172 ἐλπίδ’
1106 3117 1310 3185 ἡδονῆς
1347 3116 1497 3189 ἔχεις,

381 3211 476 3261 καὶ
514 3210 624 3273 πᾶς
661 3228 742 3273 τις
776 3204 851 3272 εἰς
886 3213 947 3263 σὲ
984 3206 1206 3279 βούλετ’
1244 3205 1570 3279 ἀνθρώπων
1604 3209 1820 3280 μολεῖν·

381 3296 574 3366 λαβών
609 3297 667 3350 δὲ
705 3301 900 3369 πεῖραν
935 3298 1301 3368 μεταμέλειαν
1337 3295 1631 3369 λαμβάνει,

383 3385 457 3452 ὠς
496 3384 657 3442 οὐδέν
693 3387 811 3443 ἐστι
841 3390 1024 3461 χεῖρον
1061 3388 1121 3441 ἐν
1155 3388 1354 3463 θνητῷ
1388 3389 1546 3459 γένει.
