2202 3918
218 217 322 268 872
617 176 622 181 ’
966 212 1341 266 Memnoni

223 353 316 409 δεῖ.
354 384 424 399 ⁹-
446 356 542 410 Vs.
565 356 671 409 545
713 372 807 423 pro
850 348 1098 422 ἇμαυροῖ
1130 355 1299 407 editus
1336 350 1563 422 α’ναιρεῖ,
1601 358 1653 404 et
1688 349 1782 404 καὶ
1814 367 1907 420 pro
1943 343 2067 412 κείς.

223 446 516 513 Utrumque
539 446 696 497 habet
715 445 859 495 Stob.
881 443 1022 494 Flor.
1043 443 1144 493 126
1169 444 1221 493 8.
1239 471 1301 481 —
1323 442 1532 496 Vs.552
1553 459 1614 493 ex
1628 442 1811 509 Eurip.
1829 441 2067 493 Alc.311.

216 563 285 574 --
323 533 420 586 νε.
443 534 548 585 556
587 533 844 585 Stobaeus
883 530 1026 581 Flor.
1049 531 1117 581 62
1155 530 1189 580 3
1227 546 1290 581 ex
1326 531 1504 597 Eurip.
1542 531 1814 598 Meleagro
1853 523 1924 588 ὠς
1960 522 2069 591 ἡδὺ

217 615 434 683 δούλοις
472 614 744 678 δεσπότας
769 612 1043 685 χρηστοὺς
1079 615 1288 683 λαβεῖν.
1350 648 1420 658 -
1494 617 1592 669 νε.
1627 618 1735 668 560
1772 617 2066 670 Menandro

221 712 405 762 tribuit
443 709 887 769 Stob.F10r.73
925 709 959 759 7
998 699 1118 757 ἔστ’
1161 700 1399 756 ἄπιστον
1436 708 1686 759 scribens,
1721 734 1793 742 ——
1827 706 1925 757 νε.
1958 704 2062 756 561

213 800 396 896 scripsi
433 790 553 848 ε”στ
595 814 691 864 pro
728 790 779 858 ἡ.
839 828 910 838 —-
962 797 1061 848 νε.
1100 796 1207 847 562
1245 798 1447 848 correxi
1486 795 1603 848 eod.
1646 795 1955 846 lectionem.
1990 786 2064 852 ὥς

206 882 415 955 χαρίεις
465 883 618 937 ἐστὶν
667 879 971 953 ἄνθρωπος
1018 875 1158 935 ὅταν
1205 880 1324 945 υἱὸς
1369 870 1421 956 ᾖ.
1512 885 1669 936 Peius
1721 884 1877 934 etiam
1926 881 2077 965 apud*

206 976 438 1042 Etymol.
463 977 538 1028 M.
564 993 614 1042 p.
635 976 741 1026 824
778 975 875 1026 41.
911 968 986 1034 ὥς
1015 966 1298 1041 χαρίσοιτ’
1342 968 1647 1041 ἄνθρωπος
1684 950 2061 1039 ἀνθρώποισι,

203 1063 294 1114 ubi
333 1063 451 1115 vide
487 1064 839 1132 Sylburgium.
913 1064 1108 1115 Melius
1147 1065 1403 1116 Stobaeus
1440 1064 1583 1114 Flor.
1619 1062 1674 1113 V
1711 1061 1795 1111 11.
1835 1059 1925 1110 ubi
1963 1073 2059 1124 pro

201 1166 276 1211 ως
312 1151 507 1218 legitur
543 1137 578 1214 ἦ
619 1158 672 1204 et
709 1143 780 1200 ἂν
815 1167 911 1218 pro
951 1141 1106 1204 ὅταν.
1181 1153 1422 1203 Eundem
1459 1166 1666 1202 versum
1703 1150 1775 1199 ita
1812 1148 2062 1212 scriptum

201 1240 422 1305 praebet
457 1241 700 1291 Clemens
739 1239 888 1292 Alex.
927 1239 1031 1290 Str.
1070 1239 1204 1291 V111
1243 1257 1293 1306 p.
1317 1240 1422 1290 327
1462 1240 1529 1289 18
1565 1238 1709 1304 Sylb.
1745 1229 1819 1295 ὥς
1851 1230 2062 1302 χαρίεις

200 1322 355 1376 ἐστὶν
390 1320 713 1397 ἅνθρωπος,
751 1320 871 1377 ἔστ’
910 1318 981 1376 ἂν
1016 1320 1322 1395 ἄνθρωπος
1358 1312 1410 1397 ᾗ.
1451 1328 1598 1378 Haeo
1634 1326 1818 1391 scripsi
1855 1326 1908 1376 in
1947 1324 2058 1375 edi-

199 1415 342 1467 tione
376 1417 563 1483 prima.
618 1416 840 1468 Fallitur
880 1416 1146 1468 Dobraeus
1189 1417 1316 1469 Adv.
1358 1416 1405 1469 11
1442 1434 1494 1483 p.
1531 1417 1636 1467 286
1675 1430 1880 1466 versum
1917 1413 2059 1465 hunc

184 1519 229 1554 .a
268 1520 350 1556 me
388 1507 635 1557 omissum
675 1506 988 1556 existimans·
1062 1506 1170 1557 Sed
1217 1506 1356 1557 idem
1409 1511 1556 1557 recte
1595 1504 1792 1556 monuit
1830 1504 2056 1554 eundem

198 1591 304 1658 legi
343 1594 481 1659 apud
518 1594 868 1645 Alexandrum
889 1593 1048 1644 Rhet.
1070 1596 1191 1645 Aldi
1215 1612 1265 1662 p.
1287 1594 1409 1647 586.
1448 1590 2056 1646 ub1walz1usv01.V111

143 1690 150 1694 “
196 1696 249 1777 Ρ.
290 1680 395 1730 480
431 1682 485 1732 in
524 1682 639 1733 cod.
681 1683 797 1733 Par.
849 1682 920 1732 ita
956 1682 1063 1749 legi
1100 1683 1330 1733 affirmat
1369 1675 1558 1750 χάριέν
1593 1671 1710 1730 ἐστ’
1752 1670 2058 1747 ἄνθρωπος

195 1757 322 1817 ὁηστ
347 1760 654 1836 ἄνθρωπος
690 1765 742 1840 ᾗ,
782 1786 878 1837 pro
917 1785 1018 1836 quo
1035 1771 1223 1822 Aldina
1253 1763 1495 1838 χάριεν
1475 1768 1572 1820 εστ
1584 1762 1944 1837 ’ἅνθρωπος.
1982 1770 2054 1821 Et
2148 1811 2163 1838 ,·

197 1856 274 1907 sie
313 1857 477 1907 edidit
514 1858 777 1922 Walzius,
826 1858 975 1908 initio
1027 1874 1208 1910 versus
1257 1875 1332 1918 ως
1382 1877 1444 1911 ex
1493 1859 1794 1910 coniectura
1838 1859 2050 1909 addens.

82 1918 84 1920 .
192 1944 463 1996 Dobraeus
501 1930 553 2007 ἦ.
592 1948 743 1998 Adde
782 1947 1259 1999 Phoebammonem
1296 1948 1363 1998 de
1400 1948 1583 2014 figuris
1622 1946 1758 2012 apud
1795 1946 2054 1998 Walzium

189 2033 291 2083 vol.
330 2033 462 2084 vm
510 2051 561 2101 p.
598 2034 724 2086 517.
775 2036 864 2086 ubi
910 2038 1091 2088 itidem
1141 2030 1218 2095 ὠς
1267 2036 1351 2086 vei
1398 2020 1434 2097 ἦ-
1488 2035 1776 2085 omittitunt
1824 2035 2049 2087 codices.

188 2120 293 2172 Pro
331 2110 471 2170 ὅταν
508 2124 684 2175 nescio
724 2139 787 2175 an
825 2126 998 2192 potius
1037 2117 1097 2184 ὃς
1134 2115 1206 2174 ἂν
1255 2124 1534 2191 legendum
1584 2123 1683 2186 sit,
1731 2115 1805 2182 ὥς
1848 2117 2049 2191 χάριέν

186 2201 303 2258 ἐστ’
326 2201 630 2280 ἄνθρωπος
667 2203 702 2262 δ’
712 2229 738 2272 ς
774 2203 811 2261 ἂ
826 2227 857 2261 ν
893 2198 1268 2285 ἄνθρωπος’ᾖ,
1286 2215 1425 2280 quod
1446 2214 1584 2266 edito
1606 2212 1782 2280 paullo
1803 2213 2043 2280 argutius

188 2304 292 2351 est.
325 2327 397 2337 —-
433 2301 527 2353 Vs.
570 2300 676 2351 563
711 2295 789 2367 μή
829 2300 1192 2369 φθονομένης
1228 2296 1394 2369 τύχης
1414 2301 1591 2354 Guelf.
1641 2294 1874 2368 εὐτυχῶς
1911 2296 2045 2352 ἄνευ

185 2380 416 2454 φθόνου
453 2387 613 2440 Vind.
649 2389 704 2440 3.
742 2389 792 2440 4.
835 2417 897 2426 —
937 2389 1034 2442 Vs.
1057 2392 1166 2442 564
1203 2391 1441 2458 supplevi
1478 2407 1509 2440 e
1545 2389 1705 2440 vind.
1736 2390 1786 2440 3.
1825 2390 2046 2442 Schnei-

185 2475 346 2527 derus
397 2478 574 2544 priora
619 2481 817 2527 tantum
867 2479 1025 2529 verba
1064 2496 1094 2531 e
1131 2479 1307 2531 Guelf.
1347 2478 1564 2528 dederat
1609 2470 1681 2535 αἱς
1716 2468 1949 2547 αἰσχρὸν
1984 2465 2044 2530 εὖ

185 2600 469 2617 ......
506 2564 667 2616 vind.
695 2564 729 2614 4
766 2563 931 2615 habet
970 2561 1033 2616 τὸ
1071 2563 1167 2628 ζῆν
1204 2573 1257 2619 et
1293 2561 1505 2616 ἔθεσιν.
1547 2596 1613 2604 —-
1651 2565 1748 2617 νε.
1785 2566 1892 2618 572
1931 2568 2042 2620 for-

184 2670 276 2705 san
307 2648 523 2722 μακρὸν
560 2645 874 2724 ἀπῴκισται
910 2650 1070 2705 θεοῦ.
1149 2655 1384 2706 Incertus
1422 2653 1560 2721 apud
1594 2653 1877 2706 Stobaeum
1918 2657 2039 2710 Ecl.

108 2788 116 2797 .
182 2741 334 2808 phys
373 2759 424 2809 Ρ.
465 2741 599 2793 154:
630 2735 791 2810 χρεία
826 2735 894 2790 δ’
935 2734 1177 2808 ἀνάγκης
1214 2736 1313 2793 οὐκ
1353 2736 1665 2814 ἀπῴκισται
1699 2736 1857 2792 πολύ.
1930 2745 2041 2797 Eu-

181 2828 378 2896 ripides
417 2831 552 2898 apud
592 2831 771 2882 Orion.
811 2831 1051 2884 Gnomol.
1089 2848 1141 2899 p.
1179 2833 1249 2882 46
1285 2834 1384 2884 27:
1429 2830 1525 2882 καὶ
1576 2827 1678 2893 τήν
1724 2827 1885 2894 δίκην
1931 2851 2040 2902 μα-

182 2911 318 2986 κρὰν
354 2911 700 2988 ἀπῳκίσθαι
721 2915 952 2986 βροτῶν.
989 2951 1060 2960 -
1096 2921 1192 2971 Vs.
1231 2920 1337 2972 592
1371 2907 1552 2972 'addidi
1588 2913 1668 2972 τό.
1708 2951 1778 2962 -
1813 2920 1911 2974 vs.
1935 2924 2040 2975 602

182 3007 458 3073 legebatur
498 3001 532 3069 ἡ
571 3001 736 3076 α’ργία
772 3004 893 3077 γάρ.
934 3040 1001 3050 —-
1037 3009 1135 3060 Vs.
1158 3010 1263 3059 603
1299 3000 1573 3077 legebatur
1609 3002 1932 3078 ἄνθρωπος.
1968 3043 2040 3053 -—

180 3094 280 3146 νε.
302 3095 423 3146 604.
443 3096 572 3148 Cod.
594 3102 713 3148 ante
731 3091 938 3166 θράσει
959 3098 1100 3148 addit
1120 3092 1196 3167 τῷ
1214 3095 1307 3168 σῷ.
1347 3101 1496 3150 Corr.
1518 3096 1666 3165 ἴσχυε
1689 3099 1792 3165 μὲν
1809 3095 1889 3166 μὴ
1904 3094 2035 3166 χραῖ.

183 3208 253 3220 -
301 3183 398 3235 νε.
437 3184 541 3235 605
590 3181 804 3255 προδῷς
841 3187 1023 3253 scripsi
1059 3199 1155 3254 pro
1191 3180 1445 3256 παρίδῃς.
1519 3187 1879 3238 Boissonadus
1915 3193 2033 3240 ten-

181 3270 321 3322 tabat
356 3267 505 3336 γέλα.
551 3305 620 3314 —-
668 3274 763 3326 νε.
803 3276 908 3327 608
945 3267 1072 3324 ἀλλ’
1114 3275 1278 3327 Βοῖεε.
1318 3291 1414 3343 pro
1451 3270 1515 3324 τὸ
1555 3267 1631 3324 δ’.
1684 3302 1752 3311 -
1787 3275 1884 3326 νε.
1923 3277 2028 3327 609

182 3357 296 3410 cod.
335 3352 577 3409 πάντοτε
615 3356 706 3410 δεῖ
733 3362 973 3414 σκοπεῖν.
1043 3365 1209 3416 Βοίεε.
1250 3359 1537 3430 πανταχοῦ
1574 3359 1663 3412 δεῖ
1693 3377 1754 3412 σε
1790 3363 2030 3415 σκοπεῖν.

179 3477 248 3489 --
285 3447 382 3501 νε.
420 3448 525 3507 ,615
550 3450 679 3503 eod.
719 3445 957 3511 δικαίως.
1001 3453 1240 3507 Correxit
1276 3452 1444 3505 Boiss,
1482 3475 1553 3488 --
1589 3451 1683 3503 Vs.
1721 3452 1825 3503 616
1860 3449 2031 3521 μηδέ-

2191 486 2197 514 ὃ
