2202 3918
315 227 422 276 78⁰
1045 222 1423 274 MENANDRI

1188 363 1304 413 ΧΠ.

317 455 654 516 Adolescens,
692 454 744 504 id
784 453 920 519 quod
962 468 1046 502 res
1084 458 1165 502 est
1203 468 1304 502 non
1345 453 1641 521 intellegis:

314 546 437 595 vitio
477 548 662 608 suopte
698 546 1071 592 consumuntur
1109 541 1327 606 singula,

315 642 367 684 et
404 633 482 682 rei
520 633 770 696 cuiusque
808 629 1064 695 pernicies
1101 630 1239 679 intus
1276 630 1437 679 latet:

313 724 388 772 sic
426 727 506 772 est
541 721 755 784 ferrugo
793 717 958 778 ferro,
994 718 1036 767 si
1076 717 1392 779 considereS,

312 811 453 876 ligno
491 809 693 869 teredo,
734 808 1010 871 tineaeque
1048 806 1296 856 vestibus,

308 898 498 950 invidia
537 913 678 957 vero,
717 896 854 961 quod
892 894 1143 944 malorum
1183 893 1463 959 pessimum
1504 900 1598 957 est,

310 989 481 1038 tabem
519 985 711 1035 creavit
749 990 801 1034 et
840 983 1035 1033 creabit
1073 987 1126 1033 et
1163 988 1320 1044 creat,

310 1093 434 1127 vere
471 1075 680 1126 satelles
718 1072 873 1124 animi
911 1072 1144 1138 corrupti
1179 1070 1353 1137 impia,

1164 1195 1310 1246 Xlll.

313 1286 358 1335 Ο
397 1285 658 1350 Dercippe
695 1291 750 1334 et
788 1284 1086 1349 Mnesippe‚
1125 1298 1284 1348 quum
1323 1281 1587 1345 conviciis,

308 1374 527 1439 excepti,
566 1379 654 1422 aut
693 1386 850 1437 quum
888 1371 1056 1421 vexati
1092 1385 1270 1420 sumus
1309 1371 1528 1433 iniuriis,

306 1461 621 1529 praesidium
657 1461 804 1511 nobis
843 1466 966 1510 tunc
1003 1460 1153 1510 amici
1192 1465 1313 1510 sunt
1349 1460 1490 1510 boni.

306 1567 423 1600 nam
462 1550 582 1600 dum
621 1549 802 1599 dolere
838 1549 949 1598 sine
987 1554 1129 1598 metu
1166 1548 1379 1599 ludibrii

304 1641 444 1702 licet,
481 1644 636 1704 atque
674 1637 819 1688 adest
856 1637 943 1703 qui
980 1636 1117 1688 ferat
1155 1637 1211 1687 id
1247 1635 1570 1688 familiariter

301 1728 569 1791 societque
606 1727 820 1787 luctum,
857 1731 1001 1776 tanto
1039 1726 1257 1791 quisque
1294 1733 1531 1792 tempore

302 1817 501 1866 levatus
540 1814 857 1880 conquiescit
893 1830 923 1864 a
961 1828 1118 1864 sensu
1154 1814 1292 1864 mali.

1159 1918 1298 1971 XIV.

637 2007 736 2057 Cui
774 2007 980 2057 tandem
1019 2008 1343 2072 mancipatus
1382 2013 1461 2058 est
1498 2009 1613 2058 rei?

303 2097 512 2148 vultui?
552 2095 785 2160 nugaris:
825 2111 1006 2146 omnes
1044 2112 1214 2157 unam,
1252 2095 1305 2145 id
1343 2097 1387 2146 si
1424 2095 1584 2157 foret,

303 2192 555 2246 amarent,
594 2185 798 2249 quando
840 2191 1083 2250 aspectus
1117 2185 1364 2235 iudicium
1402 2190 1480 2234 est
1516 2185 1670 2237 idem.

300 2283 352 2325 at
389 2274 528 2324 forte
566 2276 820 2322 amantem
856 2273 1136 2323 illecebrae
1173 2273 1563 2324 consuetudinis

300 2363 513 2413 trahere
550 2361 833 2427 putantur?
871 2362 1011 2426 atqui
1050 2361 1232 2411 eadem
1269 2364 1527 2412 utentium

298 2452 431 2501 alter
467 2450 539 2499 nil
577 2449 726 2496 triste
763 2448 974 2512 patitur,
1013 2450 1136 2513 quin
1174 2450 1349 2499 ridens
1388 2451 1523 2499 abit:

298 2541 432 2589 alter
469 2536 718 2602 disperiit.
792 2537 1002 2587 morbus
1039 2538 1211 2600 animi,
1253 2537 1453 2588 occasio
1493 2543 1607 2588 est:

300 2629 434 2678 haec
470 2627 513 2676 si
553 2641 706 2690 quem
746 2624 887 2674 feriit
924 2623 1081 2687 intuS‚
1118 2627 1164 2677 is
1202 2627 1386 2678 vulnus
1425 2627 1600 2677 trahit.

1166 2750 1282 2803 XV.

298 2839 605 2890 iniuriarum
641 2837 686 2887 si
720 2837 969 2903 improbis
1005 2841 1302 2891 auctoribus

295 2941 668 2994 reponeremus
704 2926 955 2976 ultionem
987 2928 1195 2993 singuli,

294 3017 444 3068 nobis
481 3020 720 3082 putantes
756 3015 874 3065 fieri
896 3016 1050 3081 ⁸quod
1085 3018 1147 3065 fit
1183 3017 1348 3078 alteri,

295 3107 431 3171 inter
468 3120 562 3155 nos
597 3104 759 3154 iuncti
796 3105 1099 3171 conspiratis
1138 3107 1350 3168 viribus,

300 3209 404 3245 non
442 3191 767 3260 praevaleret
804 3194 856 3243 in
890 3194 1236 3244 innocentiam
1274 3194 1497 3259 impetus.

295 3283 456 3333 audax
495 3282 776 3332 malorum:
816 3283 903 3346 qui
942 3283 1186 3334 custoditi
1223 3284 1466 3349 undique,

294 3371 528 3435 iussique
562 3382 757 3435 poenas
794 3385 919 3435 quas
957 3377 1222 3423 merentur
1260 3372 1506 3437 pendere,

296 3463 382 3510 aut
419 3458 546 3509 nulli
585 3459 789 3524 penitus
830 3467 1018 3525 essent,
1056 3468 1142 3513 aut
1181 3464 1330 3530 pauci
1368 3461 1660 3514 admodum,

2191 3615 2194 3624 -
2189 3440 2202 3560 ·<-.-⁴.·
