2202 3918
225 163 330 214 488
932 152 1351 207 EUPHRONlS

232 299 772 368 Schweighaeuserus.
812 327 881 335 --
920 294 1007 347 Vs.
1035 294 1103 344 lo
1139 287 1414 363 Ἀρίστων
1451 293 1652 349 ABPV.
1689 289 1998 364 Ἀριστίων
2015 297 2076 350 L.

231 390 567 443 casaubonus
603 387 736 438 haec
770 382 1057 434 adnotavit:
1093 383 1211 445 „lis
1248 384 1336 447 qui
1373 383 1553 435 volunt
1589 400 1652 436 ex
1689 386 1938 453 symbolis
1973 401 2078 438 una

230 494 374 541 esse,
423 476 619 527 invenit
667 472 860 527 Aristio
916 470 1144 521 rationes
1195 471 1619 535 compendiarias.
1711 473 2079 540 Superioribus

229 567 432 632 aliquot
468 565 597 616 locis
635 566 854 613 testatus
891 562 971 610 est
1008 559 1326 620 Athenaeus,
1365 559 1599 609 convivia
1637 576 1667 610 e
1705 562 1904 612 collatis
1942 578 2081 629 sym-

227 655 363 708 bolis
398 653 562 704 fuisse
599 651 775 702 tenuia
813 651 866 699 et
900 647 1028 713 fugi.
1071 648 1160 711 [V.
1202 645 1466 712 Diphilum
1506 647 1636 698 Pict.
1672 647 1862 712 1131.]
1904 651 1962 701 In
1998 651 2082 702 his

229 743 390 811 igitur
425 739 655 807 oportuit
701 753 853 789 cocos
902 737 1138 787 invenire
1176 728 1405 801 πόρους,
1454 735 1505 785 h.
1545 751 1592 786 e.
1643 738 1810 792 varias
1855 738 2084 789 rationes

232 829 542 884 conficiendi
593 827 734 878 cibos
785 827 1016 876 diversos
1067 839 1129 874 ex
1176 824 1357 875 eadem
1416 826 1694 876 materia.''
1794 827 1943 877 Haec
1990 842 2085 893 po-

233 905 425 973 strema
462 917 528 967 de
566 909 756 984 πόροις
793 914 957 981 plane,
995 929 1089 980 pro
1145 913 1355 963 arbitrio
1406 913 1596 979 posuit.
1681 915 1897 967 Accedit
1947 915 2087 981 quod

230 1024 405 1074 neque
444 998 758 1072 Ἀρίστων,
810 1002 949 1069 quod
997 1002 1212 1068 primam
1250 1002 1495 1069 corripit,
1548 1018 1719 1069 neque
1759 996 2084 1071 Ἀριστίων,

232 1111 337 1163 quo
387 1108 721 1145 numerorum
773 1090 1030 1158 elegantia
1077 1091 1454 1155 corrumpitur,
1512 1092 1620 1142 ullo
1671 1092 1826 1161 modo
1879 1092 2087 1158 probari

229 1187 421 1250 potest.
494 1181 730 1245 Denique
774 1179 914 1229 unde
962 1177 1195 1243 pendere
1244 1178 1474 1229 dicamus
1526 1181 1845 1230 accusativos
1882 1172 2087 1227 ἀλλᾶν-

230 1287 349 1330 τας,
387 1265 591 1338 φακῆν,
630 1261 872 1334 πόρουςὶὶ
907 1268 1055 1316 Haec
1094 1253 1264 1316 omnia
1303 1266 1493 1317 docent
1529 1266 1751 1331 primum
1790 1283 1893 1318 non
1928 1260 2088 1335 Ἀρί·
2134 1320 2144 1327 ,

231 1371 380 1410 στων
417 1374 535 1409 esse
573 1356 932 1416 scribendum,
966 1356 1059 1405 sed
1098 1348 1374 1421 ἀρίστων,
1412 1360 1469 1406 ut
1505 1340 1749 1422 ἀρίστων
1786 1349 1950 1425 πόροι
1985 1357 2087 1408 sint

230 1453 469 1514 sumptus
510 1445 876 1512 prandiorum,
922 1451 975 1494 et
1023 1444 1345 1495 accusativus
1392 1436 1595 1511 πόρους
1629 1446 1854 1512 pendeat
1892 1462 1921 1495 a
1957 1458 2088 1494 συν-

229 1530 481 1603 άγουσιν,
520 1534 710 1606 deinde
749 1547 956 1583 versum
994 1520 1268 1594 excidisse,
1305 1532 1358 1582 in
1396 1548 1498 1598 quo
1537 1539 1591 1584 et
1616 1550 1806 1584 nomen
1845 1534 1998 1599 coqui
2036 1538 2089 1584 et

232 1625 381 1676 cibus
419 1625 482 1674 ab
521 1638 584 1673 eo
622 1622 893 1683 inventuS‚
933 1621 1158 1688 denique
1195 1620 1406 1671 verbum
1446 1620 1656 1686 aliquod
1705 1622 2009 1690 legebatur,'
2058 1639 2090 1673 a
2184 1625 2187 1627 ’

234 1728 338 1779 quo
378 1710 656 1762 accusativi
694 1709 934 1774 suspensi
973 1714 1150 1770 erant,
1189 1724 1234 1758 e.
1275 1724 1320 1758 c.
1358 1694 1529 1776 εὗρεν,
1566 1704 1783 1772 ἔδειξεν,
1820 1705 2088 1772 ἐδίδαξεν,

232 1800 461 1852 Indicavi
496 1797 653 1864 igitur
690 1797 942 1848 lacunam.
1000 1830 1069 1838 ——
1125 1798 1217 1849 Vs.
1258 1797 1324 1847 18
1360 1812 1436 1862 sq.
1490 1799 1680 1861 „Tenii
1717 1799 1924 1864 quidam
1962 1813 2089 1848 nau-

185 1910 190 1920 1
232 1895 337 1951 tae,
374 1903 532 1953 quum
569 1885 650 1934 vix
686 1885 864 1949 quinto
905 1885 991 1936 die
1027 1887 1260 1937 Athenas
1298 1870 1627 1949 appulerint,
1678 1886 1777 1935 diis
1815 1892 1933 1936 vota
1967 1885 2088 1935 red-

233 1977 395 2037 dunt,
445 1973 679 2024 defuncti
718 1973 1011 2038 periculosa
1053 1975 1397 2041 navigatione.
1484 1974 1562 2023 Ita
1598 1972 1891 2023 necessario
1931 1988 2089 2039 expo-

232 2066 406 2117 nimus
445 2059 701 2127 πέμπτην
738 2054 951 2129 ἡμέραν
987 2055 1181 2111 ἔθυον.
1268 2062 1447 2113 Τεηιιι
1483 2061 1697 2112 non'ita
1732 2061 1890 2127 longo
1926 2061 2091 2112 inter-

232 2153 372 2203 vallo
408 2150 628 2204 Athenis
666 2134 849 2212 distat,
890 2156 948 2200 ut
985 2151 1214 2216 quinque
1252 2150 1451 2200 dierum
1489 2155 1629 2200 esset
1665 2150 1950 2216 navigatio:
1998 2150 2092 2202 sed

235 2241 324 2292 isti
360 2242 725 2305 tempestatem
764 2239 901 2304 passi
939 2237 1230 2289 videntur.''
1294 2238 1647 2289 Οαεαιιόοηιιε.
1740 2240 1986 2290 Ceterum
2034 2236 2092 2288 οἱ

243 2320 440 2389 Τήνιοι
475 2322 661 2375 πολιοὶ
696 2330 966 2391 receptum
1005 2343 1068 2377 ex
1087 2327 1196 2379 VL.
1256 2325 1443 2376 Inediti
1479 2325 1595 2378 fere
1631 2323 1687 2376 οἱ
1722 2340 1833 2376 τινι
1868 2324 1925 2375 οἱ
1959 2323 2093 2376 πολ-

236 2410 344 2467 λοί.
379 2445 449 2456 —-
488 2414 580 2467 Vs.
602 2413 669 2463 21
709 2407 872 2482 Λύκῳ
908 2409 1076 2481 κρεῶν
1113 2405 1228 2462 τότ’
1269 2413 1534 2465 Porsonus
1572 2417 1708 2481 App.
1748 2414 1942 2480 Toupii
1972 2415 2088 2466 Em.
2182 2411 2184 2413 ’

236 2522 291 2571 p.
328 2503 451 2553 499.
527 2501 762 2566 Toupius
799 2495 962 2571 Λύκῳ
998 2495 1122 2550 τότε
1170 2496 1357 2567 κρεῶν.
1430 2505 1476 2555 A
1514 2496 1636 2552 τότε
1684 2498 1852 2572 λεύκῳ
1903 2501 2090 2570 κρεῶν.
2186 2506 2191 2510 ’

235 2593 332 2644 VL
367 2583 490 2639 τότε
527 2586 870 2657 λέυκοκρέων.
945 2621 1011 2630 --
1069 2589 1160 2642 Vs.
1196 2591 1267 2639 23
1305 2586 1696 2654 σκοπουμένων
1734 2592 2086 2660 Casaubonus.

239 2672 619 2745 σκοπούμενον
658 2679 716 2729 L.
754 2669 1097 2743 κοπούμενον
1133 2679 1288 2731 APV.
1348 2710 1416 2720 --
1471 2679 1560 2731 Vs.
1598 2680 1669 2730 24
1705 2677 1906 2738 καθεὶς
1941 2673 2087 2729 κάτω

238 2766 353 2818 κτλ.
389 2762 655 2831 „Mactato
692 2767 859 2832 primo
897 2767 1093 2829 haedo,
1132 2768 1253 2818 dum
1292 2768 1549 2818 curiosius
1587 2784 1650 2819 ex
1686 2774 1944 2835 perpetuo
1983 2769 2089 2821 ritu

238 2858 385 2908 iecur
420 2861 654 2921 spectant
690 2860 908 2918 nautae,
946 2856 1136 2906 nebulo
1174 2857 1274 2906 iste
1313 2872 1519 2906 manum
1558 2857 1776 2908 ulterius
1802 2862 2089 2923 promovet,

238 2960 421 2995 renem
459 2960 641 3009 magna
680 2944 892 2993 audacia
930 2943 1101 2993 aufert
1146 2942 1367 3008 iacitque
1411 2945 1462 2994 in
1510 2943 1745 2994 foveam:
1793 2961 1946 3010 quem
2002 2946 2090 2996 ubi

240 3031 651 3083 animadversum
692 3038 770 3081 est
808 3032 1053 3093 deficere,
1091 3032 1396 3082 tumultuari
1434 3036 1620 3082 nautae
1658 3038 1710 3081 et
1747 3033 1844 3082 sibi
1883 3034 2086 3095 timere,
2160 3071 2162 3075 y

241 3121 427 3186 quibus
475 3119 576 3168 hoc
620 3124 916 3184 portentum
968 3125 1108 3169 esset
1163 3119 1408 3169 oblatum.
1495 3120 1712 3185 Quando
1769 3121 1928 3186 igitur
1983 3137 2089 3173 non

241 3200 449 3259 litarant
486 3207 583 3256 hac
621 3208 784 3272 prima
821 3208 1056 3268 victima,
1093 3207 1451 3258 succidaneam
1489 3208 1862 3280 praecidaneae
1898 3210 2086 3260 substi-

241 3301 410 3346 tuunt.
491 3295 599 3345 Sed
649 3295 749 3343 hoc
794 3311 1001 3361 quoque
1051 3294 1271 3346 frustra:
1323 3312 1438 3346 nam
1491 3302 1544 3347 et
1591 3297 1724 3348 haec
1776 3298 1890 3369 sine
1927 3297 2087 3348 corde

239 3384 516 3453 reperitur,
555 3382 739 3434 fraude
776 3383 930 3433 simili
970 3384 1202 3436 eiusdem
1240 3385 1461 3437 hominis
1501 3385 1777 3438 sacerrimi.
1842 3385 1918 3438 lta
1956 3400 2086 3454 opus
