2202 3918
223 196 331 248 446
593 259 602 269 .
737 195 1193 248 APOLLODORI
1242 194 1569 249 CARYSTH

223 353 368 399 πιον,
406 353 538 404 quae
575 337 799 391 fortasse
836 337 1075 390 usitatior
1113 335 1280 389 forma
1315 337 1432 400 fuit.
1519 340 1580 392 V.
1619 340 1778 407 intpp.
1821 339 2072 407 Hesychii

224 427 272 478 11
309 443 362 494 p.
400 427 524 479 543.

657 607 1112 661 EIIIAIKAZ
1133 606 1176 659 o
1195 607 1384 660 ΜΕΝ
1403 605 1531 660 ΘΣ.
1581 612 1632 674 *)

1129 717 1168 767 ι.

363 825 646 876 Terentius
698 823 907 875 Phorm.
951 824 971 874 l
1012 824 1040 873 1
1084 823 1178 874 14:
1222 839 1381 890 porro
1423 823 1531 874 alio
1585 828 1762 874 autem
1812 826 2069 883 (munere

216 915 349 967 Geta
386 913 674 977 ferietur),
725 914 817 965 ubi
864 915 968 963 erit
997 928 1163 980 puero
1199 911 1402 963 natalis
1439 912 1584 974 dies,·
1627 911 1719 963 abi
1754 912 2068 963 initiabant.

219 1002 323 1054 Ubi
363 1003 592 1053 Donatus
632 1003 939 1053 Terentium
978 1001 1354 1068 Apollodorum
1407 1008 1683 1067 sequutum
1731 1001 1885 1065 dicit,
1931 1000 2070 1068 apud

215 1107 369 1156 quem
420 1091 557 1156 legi,
603 1092 655 1143 in
705 1092 874 1141 insula
922 1091 1316 1141 Samothracum
1354 1107 1383 1142 a
1420 1095 1564 1141 certo
1603 1095 1839 1157 tempore
1876 1106 2068 1158 pueros

214 1179 408 1230 initiari
447 1195 593 1230 more
630 1179 1041 1230 Atheniensium.

351 1354 634 1406 Terentius
689 1353 712 1404 1
761 1355 796 1404 2
842 1355 941 1406 37:
992 1372 1086 1406 nos
1137 1357 1298 1407 otiosi
1349 1372 1558 1424 operam
1602 1355 1858 1407 dabamus
1893 1354 2066 1406 Phae·

210 1445 378 1496 driae.
452 1443 685 1495 Donatus
731 1444 1006 1510 adscripsit
1053 1445 1186 1496 haec
1231 1446 1567 1513 Apollodori.
1614 1442 1929 1505 ΝΑλΚΕΙς
1977 1440 2066 1493 δε-

212 1529 484 1600 συνεμαλι
518 1528 734 1599 μΕΟΛ.
819 1532 997 1584 Codex
1034 1535 1452 1600 Antwerpensis.
1501 1531 1773 1593 Αναλκεις
1822 1530 1880 1583 δε
1928 1546 2064 1583 συν-

207 1638 483 1690 εμαμμωα
519 1636 752 1689 εναργης
789 1616 849 1670 δε
887 1619 1392 1689 συνεπιμελομεθα.

1095 1730 1191 1780 111.

349 1835 633 1886 Terentius
673 1835 696 1884 Ι
733 1835 905 1887 2241:
955 1837 1246 1885 intervenit
1293 1835 1597 1885 adolescens
1634 1835 1848 1902 quidam
1887 1835 2062 1886 lacru-

204 1940 373 1974 mans.
415 1924 672 1972 Donatus:
711 1922 1100 1986 „Apollodorus
1139 1928 1402 1972 tonsorem
1439 1925 1608 1988 ipsum
1647 1925 1883 1974 nuntium
1922 1924 2062 1987 facit,

202 2011 335 2076 „qui
387 2009 522 2059 dicat
566 2025 624 2060 se
671 2024 838 2075 nuper
882 2010 1089 2074 puellae
1136 2026 1333 2060 comam
1397 2012 1467 2061 ob
1511 2012 1708 2061 luctum
1758 2012 2062 2064 abstulisse:

203 2099 392 2166 „quod
430 2099 552 2171 scio?
576 2103 805 2148 mutasse
842 2098 1181 2162 Terentium,
1220 2115 1287 2150 ue
1326 2100 1553 2151 externis
1590 2101 1818 2152 moribus
1856 2108 2060 2169 specta-

205 2194 419 2252 „torem
459 2188 752 2239 Romanum
789 2185 1134 2238 offenderet.”

1088 2293 1178 2345 lV.

341 2398 625 2450 Terentius
682 2398 757 2448 111
809 2398 836 2447 1
892 2398 994 2448 18:
1050 2404 1276 2465 quantus
1321 2405 1491 2449 metus
1538 2406 1619 2450 est
1665 2401 1826 2461 mihi,
1875 2403 2056 2454 venire

199 2490 299 2540 huc
335 2486 535 2537 salvom
570 2502 710 2536 nunc
741 2491 1009 2552 patruum.
1082 2487 1216 2538 Sunt
1253 2487 1563 2552 Antiphonis
1603 2488 1793 2550 verba.
1821 2489 1886 2538 ad
1923 2506 2055 2555 quae

195 2577 456 2627 Donatus:
495 2592 646 2638 „non
685 2579 828 2641 optat
864 2575 1060 2625 salvom
1099 2580 1340 2641 patruum
1378 2575 1556 2625 venire
1593 2577 1875 2643 secundum
1894 2579 2053 2644 Apol-

198 2701 230 2726 „
249 2665 507 2726 ludorum,
547 2669 600 2714 et
639 2664 869 2714 ostendit
906 2679 1008 2714 non
1035 2679 1325 2730 congruere
1350 2664 1570 2715 salutem
1608 2665 1721 2716 eius
1759 2681 1875 2717 cum
1912 2682 2054 2719 com-

194 2789 225 2816 „
246 2753 396 2804 modo
435 2752 581 2804 suo.''
1108 2823 1153 2873 V

335 2928 616 2979 Terentius
654 2929 729 2979 lll
768 2930 801 2979 2
841 2930 940 2978 21:
990 2931 1148 2978 immo
1187 2928 1248 2977 id
1284 2929 1422 2994 quod
1457 2930 1614 2979 aiunt
1652 2929 1867 2979 auribus
1905 2937 2051 2981 tenes

192 3015 387 3082 lupum.
458 3032 582 3066 nam
619 3033 787 3084 neque
825 3017 1076 3084 quomodo
1115 3033 1148 3065 a
1185 3032 1267 3065 me
1305 3018 1552 3065 amittam
1590 3018 1829 3079 inveniO,
1883 3035 2049 3086 neque

189 3107 276 3154 uti
311 3105 572 3155 retineam
608 3109 735 3158 scio.
826 3107 930 3158 Ubi
970 3106 1199 3155 Donatus
1236 3102 1459 3155 fortasse
1497 3121 1558 3155 ex
1598 3105 1917 3170 Apollodoro
1957 3107 2048 3155 ad-

193 3193 404 3259 scripsit
429 3210 671 3260 graecum
701 3182 1048 3261 proverbium,
1087 3189 1196 3241 τῶν
1229 3184 1386 3241 αἰτῶν
1423 3187 1525 3260 ἔχω
1555 3188 1652 3240 τὸν
1688 3188 1878 3242 λύκον·
1917 3188 2043 3242 οὔτ’

191 3273 347 3346 ἔχειν,
386 3274 514 3329 οὔτ’
555 3275 783 3349 ἀφεῖναι
820 3275 1082 3348 δύναμαι.

304 3448 343 3501 ’)
376 3447 428 3490 V.
460 3447 572 3492 Hist.
605 3448 703 3494 crit.
738 3465 783 3505 p.
817 3449 920 3491 464.

2155 3063 2174 3172 'J

2175 2890 2177 2903 e
2152 2606 2180 2878 :²me
2173 2579 2176 2595 ..
2174 2483 2179 2490 ,
2173 2440 2179 2448 ,

2152 3039 2156 3042 *
2150 2968 2159 3018 *³—
2152 2874 2168 2954 aar-ea
