2202 3918
300 213 404 261 790
1041 208 1420 263 MENANDm

1163 351 1296 402 CXL

304 441 559 491 Instructa
595 439 771 506 inopia
810 440 1104 505 miseraque
1142 445 1222 489 est
1258 438 1501 503 felicitas,

306 528 513 580 divitiae
552 528 801 579 heredem
841 544 998 595 quum
1038 544 1141 579 non
1175 527 1444 579 inveniunt
1479 545 1640 580 sumn.

1155 617 1318 668 cxl-1.

306 704 480 756 Mater
518 704 747 756 tenerius
783 705 980 756 liberos
1013 705 1219 757 adamat
1253 712 1433 772 patre:

306 782 429 859 quia
463 785 629 842 mater
667 809 782 843 esse
820 795 916 844 scit
953 811 1088 857 suos,
1126 801 1276 861 pater
1313 801 1556 846 autumat.

1141 883 1331 933 exul.

305 970 449 1021 Patri
487 969 721 1021 dolorem
759 969 939 1021 facere
976 971 1112 1034 noli3
1150 987 1268 1022 nam
1306 970 1409 1022 hoo
1445 972 1608 1023 scias:

310 1073 463 1124 quam
504 1059 720 1125 quisque
759 1063 940 1110 tenere
978 1065 1133 1121 amat,
1173 1066 1277 1110 tam
1316 1059 1472 1112 facile
1509 1061 1765 1112 irascitur.

1145 1148 1330 1199 CXIV.

309 1235 496 1285 Aetate
533 1239 687 1301 gnata
725 1233 905 1296 nubili,
943 1239 1001 1284 ut
1039 1234 1177 1285 dicat
1213 1235 1363 1298 nihil,

310 1323 433 1374 satis
464 1327 637 1373 tamen
675 1323 787 1390 ipso
825 1324 1084 1391 significat
1120 1324 1344 1375 silentio.

1134 1412 1291 1463 CXV.

310 1501 506 1552 Auditu
545 1500 616 1552 nil
657 1507 760 1551 tam
798 1516 973 1564 suave,
1012 1515 1163 1567 quam
1202 1516 1360 1568 quum
1398 1502 1563 1553 fillum

311 1589 626 1655 compellans
663 1590 871 1656 genitor
908 1590 1041 1641 veris
1079 1590 1254 1641 iaudat
1291 1590 1548 1646 laudibus.

1144 1679 1328 1732 CXVl.

310 1766 510 1816 Malum
549 1771 641 1816 est
664 1767 727 1816 ab
766 1768 995 1832 optione,
1035 1766 1358 1832 desipientia.
1409 1832 1412 1839 Ι

311 1855 403 1904 tihi
438 1855 696 1915 sinoce&
736 1855 966 1906 Fortuna
1005 1869 1096 1904 cur
1134 1855 1282 1904 audit.
1315 1855 1487 1907 male?

1141 1943 1350 1995 cxvii.

312 2030 530 2096 Quoties
567 2030 790 2081 minatur
827 2031 935 2080 filio
972 2030 1132 2081 iratus
1173 2039 1338 2097 pater,

314 2121 395 2170 vel
433 2136 605 2172 amans
642 2120 849 2181 amanti,
888 2118 1048 2170 multa
1087 2121 1293 2171 mentiri
1332 2120 1521 2172 solent.

1126 2208 1364 2261 cxvni.

315 2297 459 2347 Bene
498 2296 745 2347 educatos
782 2302 837 2347 et
873 2297 1095 2347 honesto
1135 2303 1285 2349 natos
1320 2299 1438 2349 loco

317 2384 505 2438 samam
544 2401 724 2436 curare
761 2387 814 2437 in
851 2386 1006 2437 rebus
1043 2385 1273 2437 adversis
1312 2387 1480 2439 decet.

1163 2473 1322 2524 CXX.

316 2563 461 2613 Clam
501 2578 660 2628 pauca
698 2561 893 2611 habere
931 2562 1108 2624 satius,
1146 2562 1336 2613 invidia
1374 2564 1573 2628 procul,

316 2668 468 2721 quam
507 2651 796 2701 divitiarum
835 2656 1041 2701 ostentu
1079 2665 1266 2716 parere
1302 2648 1583 2703 infamiam.

1145 2737 1328 2791 cxxi.

315 2830 373 2879 In
414 2829 547 2885 vitae
582 2827 836 2879 humanae
875 2829 951 2878 tot
984 2824 1447 2879 cruciabilitatibus¹

316 2917 520 2968 tristitia
558 2918 721 2966 maior
758 2917 900 2966 nulla
939 2917 1157 2982 reperiri
1196 2920 1399 2981 potest?

1142 3004 1353 3055 cxxn.

319 3092 466 3141 Beati
503 3092 590 3156 qui
628 3092 881 3155 videntur,
921 3092 977 3142 hi
1015 3093 1290 3158 splendent
1328 3093 1486 3153 foris3

319 3181 534 3230 interius
572 3181 766 3232 similes
799 3187 918 3234 sunt
955 3180 1251 3232 hominibus
1290 3182 1494 3231 ceteris,

524 3325 528 3326 ⁷
1129 3269 1366 3320 cxxul.

321 3357 516 3406 Natura
553 3356 846 3407 hominibus
883 3357 1042 3407 multa
1081 3373 1236 3423 quum
1277 3358 1454 3422 gignat·
1489 3358 1635 3414 mala,

318 3445 523 3495 tristitia
561 3450 640 3497 est
677 3445 839 3495 maius
879 3447 1114 3498 omuibus
1153 3446 1298 3497 malis
1338 3445 1543 3499 malum.
