2202 3918
217 189 323 240 (53⁰
920 184 1374 238 FRAGMENTA

1109 326 1194 376 cl.

539 424 632 493 Ὃς
670 424 822 482 τόνδ’
865 424 998 497 ἔχεις
1037 425 1133 479 τὸν
1170 428 1341 494 σηκὸν
1376 423 1532 491 ἵλεως
1570 429 1747 497 γενοῦ.

359 546 665 598 Eustathius
703 564 752 612 p.
784 545 926 595 1625
963 523 1065 595 24:
1107 540 1273 608 σηκὸς
1309 542 1459 611 γοῦν,
1497 539 1689 612 φασίν,
1725 540 1920 616 ἡρῷον,
1959 534 2080 597 οἷον

213 626 323 694 ί’ος
373 628 531 685 τόνδ’
574 630 708 700 ἔχεις
746 627 843 681 τὸν
880 627 1052 694 σηκὸν
1099 624 1255 693 ἵλεως
1307 629 1483 699 γενοῦ.
1571 633 1675 684 Sed
1721 635 1808 685 hic
1835 636 2080 687 ‘fortasse

222 723 410 790 tragici
446 728 630 791 poetae
669 738 848 772 versus
888 730 994 784 est,
1046 740 1107 773 ex
1145 725 1298 774 simili
1339 740 1494 774 scena
1531 724 1758 789 pelium,
1797 723 1962 788 qualis
2001 729 2080 774 est

221 812 310 863 illa
345 814 482 880 apud
520 811 833 878 Sophoclem
873 813 1068 863 Electr.
1110 813 1218 863 627
1256 812 1432 875 (637).

1099 925 1214 977 cn.

366 1031 677 1082 Eustathius
700 1049 751 1098 p.
777 1032 915 1083 1718
952 1034 1020 1081 60
1054 1049 1155 1083 non
1190 1047 1393 1082 omnem
1431 1029 1628 1080 fumum
1668 1028 1924 1094 ingratum
1966 1044 2082 1078 esse

227 1115 434 1180 dicem,
482 1112 609 1167 ἀλλ’
652 1112 795 1168 εἰσὶν
844 1112 903 1167 οἵ
939 1118 1120 1186 χαρὰν
1157 1114 1479 1168 ὑποκινοῦσι
1517 1147 1582 1153 -—
1620 1111 1693 1176 ὠς
1731 1110 1760 1164 ὁ
1797 1111 1894 1164 τὸν
1932 1111 2084 1182 παρὰ

225 1201 294 1275 τῇ
329 1191 592 1275 κωμῳδία
641 1202 1248 1275 καπνοσφράντην
1297 1200 1577 1266 συτιθείς,
1629 1199 1658 1253 ὁ
1694 1200 1770 1270 μὴ
1808 1199 1950 1253 κατὰ
1987 1199 2084 1252 τὸν

169 1334 180 1344 ,
223 1289 467 1360 κωμικὸν
503 1291 796 1364 ἐκπέμπων
832 1292 927 1358 τῆς
966 1287 1158 1355 οἰκίας,
1197 1287 1320 1342 ἀλλ’
1346 1286 1582 1358 εἰσάγων
1620 1287 1745 1352 τούς
1783 1288 2083 1362 φιληδοῦν-

225 1397 325 1442 τας
363 1377 467 1453 βίω
505 1380 866 1455 παρασιτικῷ.
944 1383 1077 1438 Vide
1115 1383 1308 1450 Diphili
1350 1376 1526 1434 Paras,>
1565 1382 1613 1432 11
1650 1381 1703 1434 5.

1088 1512 1229 1564 CIII.

1326 1568 1472 1632 Εἶτα
1510 1574 1581 1643 δή

515 1678 593 1746 εἷς
629 1681 734 1748 τὴν
768 1680 930 1737 πόλιν
969 1682 1115 1751 ἄξεις
1154 1681 1315 1751 τήνδε
1353 1683 1454 1749 τὴν
1491 1683 1764 1751 ὀνωνίδας

369 1793 679 1844 Eustathius
714 1810 767 1861 p.
809 1795 947 1844 1788
989 1795 1091 1845 20:
1143 1787 1176 1855 ἡ
1217 1789 1371 1863 παρὰ
1407 1790 1482 1864 τῷ
1514 1791 1730 1864 κωμικῷ
1767 1787 1984 1856 ὅνωνις,
2021 1782 2085 1857 ἧς

222 1877 418 1948 χρῆσις
457 1881 680 1949 φέρεται
718 1876 871 1948 παρὰ
906 1881 1020 1940 τοῖς
1058 1881 1318 1948 τεχνικοῖς
1355 1875 1419 1931 τό
1455 1869 1596 1931 Εἶτα
1635 1877 1703 1944 δή
1741 1880 1853 1934 κτλ.
1946 1887 2085 1936 Arti-

229 1970 403 2021 culum
444 1975 565 2022 ante
604 1964 768 2019 πόλιν
803 1971 1002 2022 addidit
1039 1971 1280 2021 Dindorf.
1318 1971 1383 2021 ad
1403 1971 1666 2038 Aristoph.
1686 1971 1871 2038 fragm.
1895 1973 2084 2039 p.215.

1108 2099 1245 2150 CIV.

370 2202 680 2255 Eustathius
728 2221 778 2271 p.
819 2205 960 2256 1822
1009 2205 1107 2256 15:
1155 2197 1229 2264 ὥς
1277 2199 1335 2253 δὲ
1381 2196 1528 2253 κύων
1571 2201 1667 2254 καὶ
1713 2199 1780 2276 τῇ
1825 2200 2088 2280 κωμῳδία
2186 2255 2188 2258 ,

231 2284 443 2354 ἐνέτηξε
482 2288 717 2360 σκῶμμα
752 2293 1062 2360 γυναικεῖον
1099 2290 1201 2355 την
1237 2283 1527 2361 εἰρημένην
1560 2285 1883 2362 κύνειραν
1917 2288 2089 2361 ἤγουν

232 2373 337 2440 τὴν
372 2373 472 2428 τὸν
517 2373 656 2430 κύνα
703 2372 1024 2448 είρὺουσαν,
1073 2371 1206 2448 ὅπερ
1252 2378 1405 2431 ἐστὶν
1455 2378 1858 2450 ἐφελκομένην,
1903 2375 1968 2433 ὃν
2018 2380 2087 2447 δὴ

233 2459 373 2516 κύνα
405 2465 596 2536 χοῖρον
627 2462 766 2530 ἄλλη
804 2463 1066 2540 κωμῳδίᾳ
1105 2463 1263 2537 φησί,
1302 2465 1518 2519 παλαιὰ
1549 2468 1743 2537 χρῆσις
1781 2467 1954 2532 δηλοῖ,
1992 2469 2088 2539 ἐμ-

236 2549 525 2623 φαίνουσα
564 2552 698 2622 πρός
737 2551 1041 2624 ὁμοιότητα
1081 2555 1179 2607 τοῦ
1216 2549 1524 2624 κ-υνόσουρα
1573 2548 1841 2624 εἰρῆσθαι
1888 2557 1987 2606 καὶ
2025 2555 2086 2610 τὸ
2181 2551 2183 2555 ’

233 2636 541 2712 κύνειρα.
619 2647 739 2697 Hoc
775 2641 992 2715 κύνειρα
1031 2646 1208 2698 forsan
1245 2647 1298 2697 in
1334 2639 1624 2714 κυνόσειρα
1665 2644 1985 2696 mutandum.

1116 2776 1223 2828 CV.

378 2881 688 2932 Eustathius
725 2898 775 2948 p.
819 2882 957 2932 1828
996 2883 1057 2932 6:
1107 2874 1173 2930 οὗ
1218 2874 1393 2949 μόνον
1440 2875 1708 2949 φειδωλὸς
1753 2879 1849 2930 καὶ
1897 2874 2090 2948 κίμβιξ

236 2964 331 3017 καὶ
369 2965 623 3034 γλίσχρος
670 2969 766 3019 καὶ
810 2965 875 3019 τὸ
916 2962 1146 3036 κύμινον
1185 2966 1360 3037 πρίων
1397 2969 1492 3019 καὶ
1529 2964 1974 3037 κυμινοπρίστης,
2011 2965 2092 3020 ἔτι
2182 2981 2196 2988 ”

239 3052 298 3105 δὲ
334 3054 430 3106 καὶ
476 3054 677 3124 λιμός
713 3089 783 3098 -—-
823 3051 965 3107 ἀλλὰ
1001 3057 1096 3108 καὶ
1135 3052 1490 3117 Μνκὸνιος
1529 3051 1722 3127 ἀνήρ.
1805 3061 1876 3111 Et
1915 3062 2091 3126 pauci·

237 3145 587 3212 interpositis:
624 3146 718 3196 καὶ
745 3141 1164 3215 Ἀλιμοκίμβιξ
1210 3146 1306 3197 καὶ
1352 3143 1879 3214 κυμινοκίμβιξ.
1952 3148 2089 3198 Pho-

239 3235 342 3285 tius
361 3251 410 3300 p.
436 3235 536 3285 165
574 3237 659 3286 21.
685 3231 1047 3303 Κίμβικας
1083 3235 1178 3286 καὶ
1215 3231 1624 3301 κικκαβουςε
1666 3231 1793 3295 τοὺς
1813 3229 2088 3304 αἰσχρούς.

238 3321 383 3388 Lege
437 3317 741 3390 γλίσχρους.
816 3326 892 3375 De
940 3322 1099 3391 λιμὸς
1146 3343 1195 3378 v.
1236 3326 1498 3393 Posidippi
1539 3327 1700 3380 Chor.
1738 3341 1808 3377 vs.
1835 3325 1935 3376 χ12.
2009 3325 2088 3377 De

239 3403 525 3470 Μυκόνιος
561 3412 678 3463 vide
715 3413 780 3463 ad
818 3415 1016 3467 Cratini
1052 3414 1238 3481 fragm.
1279 3432 1330 3482 p.
1372 3417 1491 3467 176.

2169 3216 2191 3348 ἱ

2166 3348 2186 3467 ἔ
