2202 3918
487 90 1087 173 ΠΑιΔΕΡΑΣΊἩΣ.
1162 118 1650 181 ΠΑΡΑΣῙΤΟΣ.
1905 132 2011 185 aaa

689 260 1468 318 ΠΑΙΔΕΡΑΣΤΗΣ.

822 372 955 423 Date
991 370 1131 437 quod
1172 369 1358 431 bibam,

150 462 315 531 pueri,
354 461 474 513 date
510 461 684 529 igitur,
722 466 775 511 et
811 459 1021 527 quidem
1060 457 1341 510 meracius:

147 569 265 604 nam
304 551 549 618 quicquid
588 555 667 602 eat
706 549 945 611 dilutum,
982 548 1037 599 id
1073 547 1244 599 animo
1284 551 1364 598 est
1402 547 1627 599 noxium.

686 792 1457 849 ΠΑΡΑΣΙΤΟΣ,

1040 903 1081 953 Ι.

132 993 359 1060 Egregie
398 997 453 1043 ut
489 992 668 1054 multa,
705 992 832 1043 dixit
871 991 1035 1041 bonus
1074 989 1382 1054 Euripides:

129 1097 215 1132 me
252 1081 363 1132 dira
400 1087 606 1148 egestas
642 1079 836 1147 subigit
872 1084 925 1129 et
962 1078 1269 1130 miserabilis

127 1175 325 1221 venter.
398 1185 516 1221 nam
555 1175 699 1220 certe
736 1173 918 1219 ventre
956 1167 1085 1219 nihil
1123 1171 1204 1217 est
1242 1165 1512 1219 miserius:

126 1259 178 1309 in
214 1258 360 1309 illum
397 1263 584 1309 cuncta
621 1257 861 1309 coniicie:
897 1263 950 1308 at
986 1257 1040 1307 in
1079 1272 1168 1306 vas
1205 1255 1308 1305 alid

123 1346 262 1396 idem
298 1362 402 1397 non
440 1346 625 1397 liceat:
663 1362 849 1413 panem
888 1345 996 1396 fers
1034 1346 1088 1396 in
1126 1344 1369 1406 mantica,

119 1434 203 1484 ina
240 1450 343 1485 non
380 1433 518 1486 fera:
555 1435 707 1486 aliter
744 1435 1019 1485 manticam
1057 1434 1371 1500 corruperis,

115 1522 301 1589 impleo
336 1522 574 1589 placenta
610 1525 915 1590 sportulam,
951 1539 1057 1574 non
1091 1523 1347 1573 lentibus:

114 1611 166 1661 in
208 1618 374 1662 utrem
412 1612 590 1662 villum
628 1612 881 1675 immittis,
915 1629 1020 1663 non
1058 1618 1110 1662 et
1150 1612 1409 1662 carabum.

110 1708 165 1750 at
199 1700 248 1751 in
286 1700 433 1751 illum
477 1702 565 1751 Dis
602 1701 821 1752 invisum
861 1700 1123 1768 compingi
1161 1700 1333 1751 solent

111 1790 265 1840 etiam
304 1805 439 1855 quae
475 1789 615 1839 inter
650 1805 709 1840 se
746 1789 818 1839 nil
854 1789 1049 1840 habent
1088 1789 1420 1839 commercii:

110 1893 207 1929 nec
243 1884 450 1928 caetera
486 1877 651 1927 addo:
690 1879 884 1944 quippe
923 1893 1040 1927 cum
1078 1882 1282 1928 constet
1320 1879 1448 1927 satis

108 1966 247 2017 illiue
283 1982 408 2033 ergo
446 1966 623 2017 miseri
659 1966 866 2033 peccari
911 1965 1098 2017 omnia.

1000 2072 1063 2124 ll.

103 2159 185 2212 Ad
222 2174 432 2212 caenam
468 2160 511 2213 ai
549 2159 663 2228 quia
697 2178 789 2213 rex
827 2177 911 2213 me
948 2161 1148 2223 invitat,
1185 2176 1287 2212 non
1330 2179 1428 2229 ego

103 2246 363 2314 laquearia
397 2250 732 2317 introspecta,
770 2259 858 2302 aut
894 2250 1210 2317 intertignia,

99 2351 197 2388 nec
232 2337 371 2402 quod
409 2338 681 2391 Corinthia
716 2347 827 2390 arte
865 2346 1219 2391 constructum
1259 2343 1339 2389 est
1376 2356 1524 2407 opus.

94 2424 187 2477 aed
224 2425 288 2476 ad
325 2426 529 2477 culinae
567 2427 763 2480 fumum
806 2430 1042 2479 obtutum
1082 2429 1270 2495 dirigo,

91 2514 180 2581 qul
217 2531 275 2565 ae
310 2515 483 2566 alacer
520 2533 722 2568 suraum
761 2520 803 2568 si
845 2518 978 2569 ferat
1020 2526 1164 2569 recto
1197 2519 1403 2582 itinere,

90 2603 292 2671 gaudeo
330 2604 601 2671 laetorque
640 2614 693 2656 et
733 2607 927 2672 plausis
966 2607 1060 2657 alia
1097 2610 1294 2675 gestio:

91 2691 169 2743 ain
206 2694 373 2745 tennis
411 2694 756 2761 obliquusqne
794 2704 895 2758 eat,
935 2698 1059 2747 satis
1097 2698 1346 2764 intellego

96 2795 302 2833 caenam
338 2783 476 2834 illam
518 2786 665 2836 nobis
704 2801 929 2836 nauseae
967 2787 1171 2854 plenam
1213 2787 1348 2838 sore.

967 2894 1059 2944 lll.

442 2979 626 3031 Neacis
661 2981 712 3031 in
754 2980 978 3032 dirarum
1019 2985 1248 3035 carmine

84 3064 185 3115 hoc
224 3079 355 3125 ease,
393 3066 443 3117 ni
480 3069 592 3133 quia
629 3077 822 3120 rectam
863 3074 1185 3124 monatrasait
1227 3077 1375 3137 viam,

81 3153 254 3220 ignem
295 3154 344 3204 nl
382 3157 622 3219 accenait,
659 3160 816 3225 siquis
854 3177 1011 3226 aquae
1051 3161 1309 3226 infecerit,

82 3250 354 3294 coenatum
393 3247 533 3298 eunti
571 3248 730 3315 niquis
768 3249 944 3301 iniexit
984 3254 1220 3303 moram?
