2202 3918
468 191 591 246 ΛΠ
596 188 756 245 ΟΒΛ
764 187 946 243 ΤΗΣ.
1016 184 1398 242 ἈΠΟΛΙΠΟ
1410 189 1576 246 ΥΣΑ.
1846 197 1951 251 881

600 319 1331 387 ΑΠΟΒΑΤΗΣ.
1402 333 1456 398 ‘)

1010 463 1051 516 1.

240 572 587 643 Harpocratio
613 589 662 641 p.
683 572 751 624 41
792 573 853 624 3:
891 560 980 622 ὅτι
1017 566 1076 620 δὲ
1110 554 1260 637 εἶχον
1293 564 1354 620 ἐν
1389 565 1512 629 ταῖς
1548 561 1820 633 ληκύθοις
1857 567 1956 644 ἀρ-

53 682 68 696 ·
104 657 296 733 γύριον
332 659 531 726 ἐνίοτε,
580 659 810 730 Δίφιλος
847 656 922 731 τῷ
955 652 1274 742 Ἀποβάτῃ.
1358 658 1503 711 Libri
1539 657 1656 711 fere
1687 656 1858 712 ἐνίοτε
1897 662 1956 716 δὲ

13 776 15 778 -
100 748 268 823 ᾳίλον
303 749 389 818 (δὲ
427 746 653 820 δίφιλον
687 752 808 817 FO)
846 743 944 798 τὸν
980 740 1296 814 ἀποβάτην.
1368 747 1608 800 Correxit
1632 749 1954 808 Maussacuu.

991 863 1062 915 Π.

237 970 587 1025 Antiatticistn
606 986 657 1039 p.
689 971 790 1022 1⁰1
817 971 901 1022 10.
928 967 985 1019 K
994 985 1025 1037 ρ
1041 962 1423 1036 αυγασμός;
1463 962 1590 1020 ἀντὶ
1610 968 1712 1022 τοῦ
1726 969 1956 1045 κραυγή.

15 1084 17 1114 ÷
98 1056 329 1131 Δίφιλος
357 1053 674 1131 Ἀποβάτῃ.
752 1061 812 1115 V·
852 1059 1175 1112 Lobeekium
1211 1059 1278 1112 ad
1315 1059 1512 1128 Phryn.
1547 1076 1601 1129 p.
1637 1062 1760 1116 337.

517 1307 1548 1381 AHOAJHOYSA*q

1008 1446 1050 1499 Ι.

304 1542 493 1602 Πόσοι
529 1545 592 1600 τὸ
633 1543 860 1612 πλῆθός
897 1542 1038 1602 εἰσιν
1074 1550 1131 1602 οἱ
1163 1549 1485 1620 κεκλημένοι

306 1650 382 1720 εἰς
418 1651 546 1717 τοὺς
580 1649 810 1725 γάμους,
846 1654 1112 1724 βέλτιστε,
1148 1657 1245 1710 καὶ
1281 1652 1475 1729 πότερ’
1504 1651 1760 1710 Ἀττικοί

304 1757 561 1828 ἅπαντες,
598 1756 636 1828 ἢ
671 1758 780 1816 κάκ
818 1760 1164 1836 τούμπορίου
1199 1764 1370 1832 τινές,
1405 1763 1478 1820 Β.
1516 1760 1573 1817 τί
1610 1762 1708 1817 δαί

305 1866 465 1925 τοῦτ’
504 1867 624 1924 ἔστι
661 1869 798 1942 πρὸς
834 1873 896 1924 σὲ
934 1870 1033 1925 τὸν
1067 1868 1362 1944 μάγειρον;
1398 1871 1474 1926 Α.
1505 1870 1603 1938 τῆς
1639 1870 1835 1943 τέχνης

233 1981 271 2034 5
306 1977 574 2051 ἡγεμονία
611 1977 696 2043 τίς
732 1979 884 2033 ἐστιν
922 1975 1113 2044 αὐτῆς,
1146 1967 1191 2032 ὦ
1230 1975 1422 2050 πάτερ,

305 2083 371 2138 τὸ
412 2085 523 2138 τῶν
558 2085 835 2156 ἐδομένων
869 2082 940 2138 τὰ
977 2082 1238 2156 στόματα
1273 2083 1604 2157 προειδέναι.

305 2182 428 2246 οἷον
459 2188 719 2256 Ῥοδίους
754 2192 1048 2258 κέκληκας·
1086 2187 1321 2248 εἰσιοῦσι
1358 2188 1452 2256 δός

307 2296 486 2362 εὐθὺς
518 2295 635 2352 ἀπὸ
670 2299 896 2370 θερμοῦ
931 2298 1034 2366 τὴν
1069 2296 1317 2370 μεγάλην
1353 2296 1543 2363 αὐτοῖς
1579 2294 1813 2365 σπάσαι,

302 2402 577 2471 ἀποζέσας
613 2402 875 2479 σίλουρον
910 2401 948 2473 ἢ
977 2404 1188 2477 λεβίαν,
1225 2403 1325 2478 ἐφ’
1366 2396 1411 2480 ᾧ

198 2520 269 2572 10
299 2512 489 2586 χαριεῖ
519 2510 664 2567 πολὺ
697 2512 911 2585 μᾶλλον
946 2508 985 2580 ἢ
1019 2511 1260 2589 μυρίνην
1294 2513 1647 2587 προσεγχέας.

300 2622 374 2677 Β.
413 2615 638 2674 ἀστεῖον
675 2616 707 2674 ὁ
746 2618 1120 2694 σιλουρισμός.
1193 2622 1268 2677 A.
1309 2615 1381 2674 ἂν
1415 2617 1775 2688 Βυζαντίους,

296 2725 562 2801 ἀψινθίῳ
598 2724 889 2796 σπόδησον
923 2722 1034 2784 ὅσα
1071 2724 1129 2799 γ’
1170 2724 1243 2782 ἂν
1280 2727 1625 2804 παρατιθῇς,

299 2832 536 2892 κάθαλα
574 2832 816 2903 ποιήσας
852 2834 1038 2890 πάντα
1071 2833 1572 2909 κάσκοροδισμένα.

301 2943 399 2998 διὰ
433 2942 543 3015 γάρ
578 2941 642 2998 τὸ
681 2943 909 3010 πλῆθος
943 2944 1057 2998 τῶν
1092 2939 1229 3016 παρ’
1271 2940 1465 3007 αὐτοῖς
1502 2936 1722 3014 ἰχθύων

195 3054 264 3109 15
300 3046 500 3113 πάντες
537 3047 896 3122 βλιχανώδεις
931 3046 1040 3106 εἰσὶ
1077 3052 1173 3105 καὶ
1206 3051 1405 3122 μεστοὶ
1440 3045 1677 3117 λάπης.ο

225 3182 528 3237 Athenaeus
581 3182 653 3236 IV
707 3200 759 3252 p.
798 3184 985 3236 1320:
1041 3178 1274 3253 Δίφιλος
1327 3175 1390 3235 δ’
1448 3179 1508 3235 ἐν
1557 3173 1954 3253 Ἀπολιπούσῃ

85 3263 348 3342 μάγειρόν
397 3286 524 3323 τινα
562 3265 830 3343 παράγων
866 3272 1019 3325 ποιεῖ’
1048 3267 1184 3325 τάδε
1220 3270 1451 3342 λέγοντα
1486 3265 1676 3325 Πόσοι
1710 3266 1775 3324 τὸ
1813 3267 1952 3334 πλῆ·

203 3460 244 3515 ·)
275 3459 327 3506 V.
356 3462 441 3507 vol.
475 3462 534 3505 111
566 3459 729 3517 pam.
984 3461 1056 3515 ⁴*)
1085 3460 1139 3504 V.
1171 3457 1282 3504 nist.
1320 3456 1417 3504 crit.
1448 3458 1614 3517 p.452.
