2202 3918
592 204 639 255 I
650 201 764 255 ΝΩ
773 201 935 256 ΜΑΙ
979 201 1049 253 Μ
1055 198 1156 252 ΟΝ
1164 197 1266 251 ΟΣ
1270 198 1348 249 ΤΙ
1354 200 1406 251 Χ
1419 198 1510 252 ΟΙ.
1739 208 1743 213 “
1873 203 1979 254 363

126 343 271 418 ἀνὴρ
317 340 612 413 ἀχάριστος
661 347 783 398 dedi
833 363 931 413 pro
984 338 1283 412 ἀχάριστος
1330 334 1486 407 ἀνήρ.
1568 341 1719 395 Vind.
1758 345 1792 395 4
1839 338 1982 413 ἀνὴρ

124 434 410 506 ἄχρηστος.
487 437 550 488 V.
587 452 743 502 supra
784 451 833 502 p.
872 434 996 486 325.
1054 434 1209 486 Vind.
1245 433 1281 482 2
1315 427 1639 496 λογιζέσθω.
1675 461 1745 470 -
1783 433 1874 485 Vs,
1910 435 1978 484 41
2074 438 2078 442 “

125 527 291 600 ᾼΙιίιιε
329 525 479 576 ποιεῖ
509 541 604 592 pro
643 521 795 574 τελεῖ.
826 558 903 597 7—-
939 523 1029 575 Vs.
1052 523 1123 573 43
1160 514 1455 587 πενόμενος
1491 518 1674 585 scripsi
1714 535 1775 570 ex
1812 522 1978 573 BoisS.

77 606 93 615 “
125 614 325 667 Anecd.
366 615 386 664 1
426 632 478 680 p.
519 614 622 664 153
668 630 764 680 pro
814 607 1105 672 κενωθείς.
1191 611 1322 662 ibid.
1370 607 1484 666 τοῖς
1521 600 1861 674 εὐτυχοῦσιν.
1910 642 1979 652 .-

22 756 24 768 ,
125 704 218 757 Vs.
240 704 310 754 46
329 709 381 754 et
400 704 470 753 47
512 702 749 769 Euripidi
786 702 966 753 tribuit
1001 702 1148 752 Stob.
1186 700 1354 751 Serm.
1389 696 1561 748 xxm
1598 695 1652 748 5.
1690 696 1779 763 qui
1817 696 1982 748 altero

21 784 25 804 ⁴
126 808 284 844 versu
330 793 489 843 habet
532 785 695 839 αὐτοὶ
733 782 791 837 δ’
830 779 968 839 ὅταν
1004 781 1336 855 σφάλωμεν,
1383 778 1450 836 οὗ
1487 803 1537 850 γ.
1623 785 1687 838 ν.
1725 784 1984 836 Matthiae

23 884 24 887 ’
128 898 182 948 p.
218 881 325 931 433
363 887 415 930 et
454 878 799 930 Ritschelium
836 878 903 927 ad
942 877 1151 928 Orionis
1190 883 1323 927 sent.
1363 893 1414 942 p.
1454 874 1598 942 Vm.
1651 904 1723 915 ——
1785 874 1874 925 Vs.
1913 874 1983 923 49

123 985 227 1036 pro
263 961 550 1032 παρρησία
592 967 813 1016 Brunck.
851 962 1107 1032 πονηρία.
1147 997 1214 1004 —-
1254 964 1343 1014 Vs.
1370 963 1440 1013 50
1479 944 1769 1013 Menandro
1804 961 1986 1012 tribuit

24 1128 25 1134 1
128 1057 276 1108 Stob.
314 1057 483 1107 Serm.
526 1055 574 1106 ll
618 1071 668 1120 p.
707 1055 795 1105 39.
836 1086 900 1094 —-
938 1054 1027 1104 Vs.
1065 1054 1136 1104 53
1175 1058 1254 1103 est
1292 1051 1572 1102 Christiani
1611 1051 1835 1101 hominis
1871 1049 1986 1100 foe·

23 1147 25 1215 ]
128 1151 232 1198 tus·
316 1143 640 1198 Sententiam
688 1143 899 1209 requiro
946 1142 1062 1193 fere
1111 1143 1279 1192 hauet
1328 1133 1502 1206 ἀρχὴν
1551 1134 1758 1206 σοφίας
1805 1133 1985 1206 νόμιζε

127 1231 231 1284 τοῦ
272 1230 420 1284 θεοῦ
470 1227 671 1298 φόβον.
747 1260 810 1270 -
888 1233 978 1283 νει.
1014 1232 1085 1282 56
1140 1238 1260 1281 ante
1297 1228 1677 1280 Schneiderum
1715 1225 1866 1291 ἔξεις.
1890 1264 1892 1267 >
1918 1259 1987 1269 —-

129 1323 219 1375 Vs.
256 1324 326 1375 57
363 1324 575 1391 Diphilo
614 1321 795 1372 tribuit
831 1320 978 1372 Stob.
1019 1321 1160 1371 Flor.
1200 1319 1289 1371 CV
1328 1319 1416 1369 47.
1453 1350 1522 1358 —
1562 1319 1649 1369 Vs.
1667 1318 1737 1368 59
1777 1319 1987 1371 vind.4

129 1410 371 1462 σκοπεῖν.
448 1413 741 1464 Menandro
780 1410 1011 1461 disertim
1049 1409 1342 1475 assignatur
1378 1409 1442 1458 ab
1466 1411 1736 1474 Anonymo
1774 1408 1827 1459 in
1850 1408 1989 1460 Wal-

26 1523 28 1556 :
127 1501 199 1552 zii
236 1500 395 1552 libet.
435 1501 483 1551 11
529 1518 580 1566 p.
622 1501 707 1550 16.
792 1499 1090 1564 Doxopatro
1139 1497 1264 1548 ibid.
1316 1514 1368 1562 p.
1407 1497 1531 1547 251.
1572 1497 1695 1546 294.
1748 1497 1871 1548 295.
1917 1527 1989 1538 —-

26 1632 27 1636 ,
129 1589 221 1642 Vs.
258 1590 329 1638 oo
366 1588 585 1640 Aldinus
632 1583 825 1652 γίγνου
862 1580 918 1631 δ’
961 1582 1013 1643 ἐς
1049 1578 1221 1650 ὀργὴν
1255 1578 1333 1650 μὴ
1370 1579 1538 1650 ταχὺς
1573 1578 1715 1632 ἀλλὰ
1763 1575 2018 1651 βραδύς,’

131 1694 197 1729 ex
244 1678 477 1744 elegiaco
527 1681 681 1744 poeta
734 1675 1039 1739 desumptus
1090 1677 1200 1722 est:
1253 1666 1446 1736 γίγνου
1493 1664 1549 1718 δ’
1590 1663 1666 1731 εἰς
1703 1668 1875 1739 ὀργὴν
1909 1670 1989 1741 μὴ

129 1762 299 1834 ταχὺς
333 1760 479 1815 ἀλλὰ
517 1757 744 1832 βραδύς.
830 1761 1039 1814 Monuit
1088 1761 1423 1811 Hermannus
1472 1762 1609 1828 apud
1661 1763 1990 1815 Erfurdtium

129 1857 195 1910 ad
236 1857 397 1923 Soph.
439 1856 580 1908 Aiac.
618 1871 671 1921 p.
708 1853 814 1903 630
887 1851 945 1902 ln
983 1851 1090 1900 fine
1129 1850 1305 1900 addidi
1342 1843 1518 1914 γενοῦ.
1579 1851 1864 1904 Confirmat
1899 1871 1990 1905 eo-

28 1934 29 1937 ’
130 1945 233 1996 aex
270 1945 574 1996 nomon-di
612 1942 808 1995 Anecd.
848 1941 870 1991 1
910 1958 959 2007 p.
1001 1939 1120 1989 154.
1195 1968 1264 1978 -
1329 1939 1419 1991 Vs.
1458 1939 1527 1989 65
1581 1941 1771 2006 Diphili
1809 1959 1990 1995 versus

130 2033 270 2100 apud
307 2035 455 2084 Stob.
492 2035 636 2085 Flor.
674 2032 765 2083 CV
802 2030 892 2080 47.
931 2061 998 2070 -—
1049 2029 1140 2080 Vs.
1176 2028 1246 2077 66
1282 2022 1343 2075 δὲ
1381 2028 1548 2078 adieci
1588 2045 1618 2078 e
1654 2030 1784 2096 Syll.
1825 2034 1992 2084 Brun-

135 2122 255 2186 cidi,
292 2121 379 2188 qui
419 2137 514 2187 pro
553 2112 613 2179 ὃς
650 2119 810 2169 habet
846 2107 950 2167 ὅτι.
999 2148 1067 2157 -
1117 2115 1205 2167 Vs.
1245 2116 1313 2166 67
1351 2132 1445 2182 pro
1486 2112 1614 2180 βίου
1650 2119 1787 2185 apud
1825 2120 1994 2172 Boiss.

138 2212 335 2265 Aueod.
373 2211 395 2260 1
434 2228 484 2278 p.
524 2209 628 2259 153
669 2199 889 2274 ἇνόρός.
965 2232 1036 2241 -
1110 2205 1201 2257 Vs.
1243 2206 1312 2254 69
1358 2199 1680 2256 ἀποθανεῖν
1729 2209 1846 2259 cod.
1898 2227 1993 2276 pro

136 2299 463 2351 κατθανεῖν.
501 2299 697 2350 Versus
737 2300 816 2346 est
856 2294 1136 2359 Euripidis.
1177 2292 1238 2344 ν.
1258 2294 1540 2344 Stobaeum
1579 2296 1991 2350 Serm.CXVlll

137 2389 226 2441 14.
280 2418 350 2428 -
403 2387 490 2438 vn.
527 2386 598 2436 72
637 2383 956 2434 Philemonis
995 2388 1091 2442 est,
1128 2380 1234 2431 fab.
1272 2381 1374 2431 inc.
1416 2382 1621 2434 cxvii.
1674 2415 1742 2425 —-
1798 2387 1886 2437 Vs.
1924 2389 1996 2438 78

135 2477 376 2530 Philetas
414 2475 467 2524 h.
490 2490 536 2525 e.
568 2474 787 2524 Philem.
825 2472 1071 2522 tribuitur
1102 2487 1133 2520 a
1158 2470 1403 2522 Stobaeo.
1444 2472 1506 2524 V.
1532 2473 1753 2526 Philem.
1779 2477 1882 2528 inc.
1905 2479 1993 2531 61.

135 2600 207 2614 .-
247 2566 337 2617 Vs.
374 2565 445 2614 79
482 2559 636 2612 ἐστὶν
671 2553 830 2611 εἰκών
867 2559 1181 2626 transposui.
1240 2590 1308 2600 ——-
1364 2561 1455 2613 Vs.
1493 2563 1565 2612 80
1603 2570 1656 2613 et
1692 2562 1757 2612 81
1801 2581 1830 2613 e
1870 2564 1995 2614 Cra-

135 2661 245 2708 tete
283 2655 405 2705 enat
443 2653 590 2703 εισι).
626 2650 796 2703 serm.
836 2649 1056 2701 xxxin
1095 2650 1127 2698 4
1166 2654 1220 2698 et
1255 2649 1403 2702 xv11
1442 2651 1492 2701 3.
1541 2683 1608 2691 -
1651 2653 1738 2703 vs.
1777 2653 1847 2701 83
1886 2640 1996 2704 ein-

53 2799 56 2803 ,
138 2753 225 2796 tur
272 2740 492 2810 γυναικὶ
540 2734 709 2810 πάσῃ.
799 2738 955 2793 Vind.
991 2740 1026 2789 2
1072 2730 1279 2803 κόσμος
1332 2733 1364 2800 ἡ
1415 2734 1540 2803 σιγὴ
1601 2737 1763 2791 πέλει.
1851 2742 1995 2794 idem

137 2849 320 2886 versus
357 2830 496 2898 apud
535 2829 774 2881 Eustath.
811 2828 876 2878 ad
914 2829 1071 2879 Hom.
1101 2844 1151 2893 p.
1173 2827 1278 2878 7⁴6
1316 2827 1384 2878 25
1426 2829 1575 2879 Rom.
1650 2829 1801 2895 Apud
1825 2831 1996 2883 Boiss.

137 2925 236 2976 Au.
277 2922 300 2973 1
339 2921 442 2971 154
479 2912 686 2987 κόσμος
720 2911 754 2975 ἡ
792 2911 917 2982 σιγὴ
959 2914 1165 2983 πρέπει.
1238 2949 1308 2958 —-
1376 2913 1464 2966 Vs.
1503 2916 1572 2965 89
1613 2919 1879 2986 Euripidis
1919 2928 1998 2973 est

138 3011 275 3079 apud
303 3011 484 3062 Orion.
506 3008 818 3060 Gnomol.ll
862 3007 908 3058 Ι.
950 3038 1006 3047 -
1056 3005 1226 3057 vam
1264 3004 1584 3057 Philemonis
1624 3014 1720 3070 est,
1761 3011 1907 3063 cuius
1948 3028 1994 3062 v.

138 3102 231 3155 Fr.
268 3101 369 3152 ine.
410 3100 528 3149 115.
592 3097 745 3148 Vind.
783 3098 816 3147 4
853 3091 1235 3162 μεταμέλειαν.
1284 3125 1354 3136 —-
1396 3095 1482 3146 Vs.
1521 3097 1591 3148 92
1630 3090 1696 3147 οὐ
1734 3093 1803 3147 τὰ
1842 3101 1994 3153 codd.

137 3208 234 3261 pro
283 3182 398 3239 κού.
475 3188 763 3239 Brunckius
811 3179 950 3252 οὐχί.
1025 3218 1092 3226 -
1169 3184 1257 3235 Vs.
1296 3182 1366 3232 94
1415 3201 1443 3234 a
1481 3186 1626 3238 Stob.
1667 3188 1885 3242 LXVlll
1925 3192 1990 3242 21

138 3281 382 3333 tribuitur
403 3278 631 3344 Diphilo,
672 3277 760 3328 ubi
782 3293 875 3344 pro
903 3271 1114 3336 ἐσθλῆς
1148 3274 1420 3326 exhibetur
1439 3266 1682 3341 ἀγαθῆς.
1705 3309 1771 3320 --
1793 3279 1882 3332 Vs.
1906 3278 1993 3334 95,

141 3371 306 3423 Orion
354 3386 383 3420 a
435 3367 723 3419 Ritschelio
774 3366 942 3419 editus
983 3382 1030 3430 p.
1072 3364 1114 3415 V
1165 3365 1263 3414 28:
1315 3363 1549 3428 γυναῖκα
1599 3362 1703 3435 γὰρ
1747 3361 1994 3417 θάπτειν

141 3459 447 3529 [κρεῖσσον]
489 3450 522 3520 ἢ
564 3457 776 3524 γαμεῖν.
852 3454 1196 3509 chaeremoni
1237 3455 1480 3508 tribuitur
1518 3457 1794 3511 aSlobaeo
1824 3458 1990 3512 Serm-
