2202 3918
403 179 638 267 ANAP
650 176 864 235 ΥΡΟΣ,
952 176 1237 234 ΑΝΑΣΩ
1245 180 1294 233 Ζ
1301 177 1421 233 ΟΜ
1422 181 1522 234 ΕΝ
1531 180 1624 239 ΟῙ.
1852 186 1959 240 819

16 293 17 351 ἕ
87 328 169 381 Ex
205 328 430 395 quinque
469 326 839 377 Themistoclis
876 325 1083 377 filiabus
1126 342 1156 377 a
1195 324 1479 376 Plutarcho
1519 324 1582 378 V.
1604 326 1865 381 Themist.
1888 328 1960 381 82

90 416 404 470 enumeratis
455 414 631 466 dicere
683 414 891 466 videtur
947 431 1061 466 eam
1115 414 1201 466 cui
1250 413 1423 465 Asiae
1472 430 1664 467 nomen
1714 416 1961 484 imposuit

92 504 502 577 Themistocles,
549 510 605 555 et
641 519 795 570 quam
835 504 1065 570 Cybelae
1103 503 1242 570 apud
1278 502 1597 570 Magnesiae
1634 506 1961 558 sacerdotem

89 593 259 645 fuisse
305 593 549 660 perhibet
597 594 784 644 Strabo
824 593 947 646 XlV
996 610 1051 660 p.
1088 593 1193 643 647
1231 591 1429 656 (958).
1513 591 1607 654 Cl'r
1657 593 1715 644 C.
1755 593 1958 646 Keilius

99 682 329 750 Specim.
382 681 679 734 Onomatol.
727 697 902 748 graec.
948 698 1000 748 p.
1033 681 1120 733 93.
1229 681 1361 732 Eam
1418 674 1753 744 Ἀθηναίαν
1805 676 1965 744 ξένην

17 765 20 831 ὁ
105 772 293 823 eodem
330 771 554 823 fortasse
590 771 743 821 modo
783 771 910 821 dixit
947 786 1050 837 quo
1088 770 1378 837 Sophocles
1418 771 1591 839 Antig.
1614 771 1722 822 818
1758 771 1964 824 Nioben

17 845 20 877 ¹
97 855 205 910 τάν
247 855 502 928 Φρυγίαν
538 855 700 922 ξέναν
736 859 1033 925 appellavit.
1118 859 1292 910 Huius
1345 860 1599 911 memoria
1634 876 1703 911 ne
1740 859 1965 928 posteris

20 965 21 972 ¹
96 949 303 1017 quidem
342 948 664 1014 temporibus
705 947 757 998 in
779 948 902 998 Asia
929 947 1256 998 intercidisse
1282 948 1485 999 videtur
1504 949 1797 1011 (Plutarch.
1823 949 1858 999 l.
1881 949 1965 1014 1.),

20 1072 21 1077 =
100 1038 278 1105 itaque
314 1037 485 1088 obiter
518 1038 581 1087 ab
622 1037 809 1087 Asiano
849 1036 1061 1086 homine
1097 1037 1151 1086 in
1191 1036 1387 1103 Diphili
1426 1036 1606 1089 fabula
1646 1053 1964 1098 commemo-

20 1138 22 1155 ¹
104 1126 211 1178 rari
254 1126 438 1194 potuit.
514 1127 683 1178 Aliter
731 1125 962 1176 Keilius:
1017 1126 1170 1190 „Nisi
1208 1124 1398 1191 fallor‚‘
1432 1119 1737 1190 Ἀθηναία
1774 1127 1967 1179 dicitur

99 1216 242 1268 Asia
280 1232 342 1267 ex
380 1221 544 1283 patre,
580 1212 705 1280 ξένη
744 1216 926 1267 eadem
964 1215 1257 1282 appellatur
1285 1221 1504 1284 propter
1535 1223 1821 1268 maternam
1859 1217 1965 1268 ori-

20 1336 23 1377 ⁴:
100 1305 326 1373 ginem?
408 1306 487 1358 Ex
538 1306 756 1358 barbara
806 1306 945 1357 enim
983 1312 1147 1357 matre
1185 1305 1359 1359 Asiam
1397 1306 1744 1360 Themistocli
1791 1310 1966 1359 natam

21 1422 24 1460 1
101 1410 221 1448 esse
260 1395 569 1464 suspicatur.

623 1618 1440 1690 ΛΝΛΓΥΡΟΣἺ

244 1765 535 1819 Scholiasta
582 1766 715 1820 Ven.
756 1766 822 1817 ad
861 1765 1009 1817 iliad.
1050 1758 1071 1815 ι’
1109 1766 1254 1818 122:
1298 1755 1355 1815 εἰ
1396 1758 1504 1834 γὰρ
1550 1763 1677 1835 περὶ
1723 1762 1824 1816 τοῦ
1871 1782 1970 1818 τα-

24 1886 26 1905 2
102 1847 310 1906 λᾶντου
344 1852 456 1905 τῶν
502 1848 789 1919 “Ελλήνων
823 1849 969 1918 ἐστι’,
1018 1848 1199 1923 βραχύ
1234 1870 1290 1906 τι
1326 1848 1390 1906 τὸ
1428 1847 1707 1905 τάλαντον
1736 1852 1972 1925 χρυσίου

100 1930 175 2008 ἦν
210 1938 345 2015 παρ’
386 1937 606 2007 αὐτοῖς,
639 1938 714 2005 ώς
750 1943 846 1995 καὶ
882 1938 1115 2012 Δίφιλος
1152 1940 1212 1994 ἐν
1242 1936 1543 2015 Ἀναγύρῳ
1591 1939 1856 2014 ,,βραχύ
1906 1941 1970 1996 τί

26 2040 27 2043 ’
103 2029 254 2085 ἔστι
299 2028 703 2084 τάλαντον”
749 2028 944 2103 φησίν.
1029 2035 1086 2087 In
1141 2035 1223 2087 his
1261 2050 1356 2102 pro
1394 2029 1450 2084 τί
1485 2030 1603 2084 ἐστι
1639 2036 1683 2087 D
1722 2035 1881 2087 habet
1916 2051 1971 2087 τι

105 2116 189 2173 τό.
259 2121 461 2176 Eadem
499 2122 746 2190 leguntur
781 2124 919 2190 apud
955 2124 1184 2192 Etymol.
1224 2123 1301 2176 M.
1340 2140 1391 2191 p.
1421 2123 1530 2176 744
1566 2123 1652 2174 48.
1693 2124 1790 2175 nisl
1830 2124 1970 2191 quod

105 2228 203 2282 pro
231 2202 529 2282 Ἀναγύρῳ
564 2212 750 2263 vitiose
788 2212 997 2264 exhibet
1031 2206 1306 2283 Ἀργύρῳ.
1386 2214 1544 2265 Peius
1584 2212 1741 2264 etlam
1778 2215 1970 2265 Eusta-

107 2384 263 2459 ρίου
297 2383 517 2458 βραχύ
554 2405 621 2441 τι
656 2382 1021 2442 τάλαντον.

503 2638 1578 2697 ΑΝΑΣΩΖΟΜΕΝΟΙ.

1033 2785 1073 2838 1.

272 2883 540 2958 Λὰγυνον
571 2884 672 2959 ἔχω
709 2885 885 2959 κενόν,
919 2877 963 2943 ὦ
1001 2889 1158 2961 γραῦ,
1197 2885 1454 2944 θύλακον
1492 2889 1549 2944 δὲ
1585 2887 1808 2962 μεστόν.

257 3007 560 3063 Athenaeus
598 3007 671 3059 XI
711 3025 760 3076 p.
800 3010 906 3060 499
929 3025 987 3061 c:
1028 3001 1324 3078 ἀρσενικῶς
1362 3005 1419 3058 δὲ
1457 3006 1631 3078 εἴρηκε
1669 3004 1768 3061 τὸν
1804 2976 1973 3078 adjv-

115 3112 215 3150 νον
251 3093 634 3165 Νικόστρατος
669 3097 770 3165 μέν
806 3094 866 3148 ἐν
897 3092 1105 3170 Ἑκάτῃ
1144 3132 1213 3141 --
1248 3092 1479 3166 Δίφιλος
1516 3093 1572 3149 δ’
1610 3095 1672 3150 ἐν
1706 3093 1974 3151 Ἀνασω·

4 3200 5 3228 z
115 3184 360 3257 ζομένοις
395 3180 656 3253 Λάγυνον
694 3181 795 3255 ἔχω
831 3185 945 3239 κτλ.
1023 3190 1101 3242 De
1138 3194 1304 3242 metro
1342 3194 1487 3243 recte
1523 3190 1704 3244 statuit
1740 3189 1972 3245 Galofor-

117 3276 216 3331 du·
249 3276 317 3330 ad
353 3276 642 3345 Hephaest.
682 3294 731 3346 p.
770 3277 892 3331 841.

234 3462 276 3516 ·)
307 3460 358 3503 V.
390 3460 504 3505 nist.
539 3460 635 3505 crit.
669 3477 710 3518 p.
739 3461 824 3506 452
856 3466 900 3505 et
933 3460 1014 3504 Th.
1047 3459 1207 3515 Bergk.
1241 3463 1295 3506 ad
1326 3463 1547 3522 Aristoph.
1580 3465 1736 3520 fragm.
1770 3480 1810 3522 p.
1843 3463 1944 3508 960.

108 2301 252 2355 thina
298 2301 365 2353 ad
400 2300 558 2353 Hom.
598 2317 649 2368 p.
689 2301 798 2352 74⁰
832 2303 934 2353 20:
986 2296 1220 2371 Δίφιλος
1266 2298 1325 2351 δέ
1376 2315 1486 2353 που
1529 2299 1708 2388 φησὶν
1755 2294 1972 2371 ἆργυ-
2055 2308 2074 2323 ·
