2202 3918
843 167 1288 227 tlte-ammio.
1894 181 1993 227 xm

144 341 222 382 ea
271 317 459 381 verbo
501 314 786 397 attigisse
843 312 1122 376 sufficiat.
1211 311 1306 373 De
1360 313 1606 372 auctore
1649 314 1844 373 autem
1878 309 2015 384 hoe*

147 443 271 483 rum
315 441 593 482 versuum
637 418 691 479 si
735 416 997 499 quaeris,
1032 435 1232 498 neque
1266 412 1586 495 Aeschylo
1625 422 1823 494 'neque
1865 413 1994 478 So*

145 524 347 608 phocli
388 543 500 586 eos
545 521 719 583 tribui
763 540 951 605 posse
993 527 1258 603 apertum
1301 524 1415 581 est.
1489 517 1697 598 Itaque
1736 515 1814 579 de
1856 516 1995 578 Eu-

144 626 340 712 ripide
388 625 747 708 cogitarem,
805 624 922 686 uisi
978 623 1038 686 id
1094 642 1326 705 quoque
1379 621 1668 683 incertum
1718 618 1997 682 redderet

112 752 319 812 ,quam
373 750 557 791 versu
613 727 883 790 secundo
948 727 1235 790 habemus
1300 722 1594 809 particula
1649 729 1838 799 πάνυ,
1863 743 2000 803 qua

147 831 358 913 reliqui
403 836 618 913 poetae
660 829 877 911 tragici
921 829 1226 892 rarissime
1270 831 1360 907 (v.
1386 828 1640 890 Porsen.
1664 825 1741 887 ad
1765 824 2000 888 Hecub.

150 934 340 1012 819),
373 933 705 1017 Euripides
749 940 964 1011 autem,
1007 932 1126 995 nisi
1155 930 1435 995 memoria
1477 929 1651 1008 fallit,
1694 948 1771 991 ne
1807 926 1998 991 semel

150 1036 384 1120 quidem
426 1058 577 1099 usus
621 1042 737 1099 est.

321 1181 466 1243 Alia
491 1199 642 1243 sane
674 1199 827 1262 quae
863 1180 1226 1263 tragicorum
1258 1198 1472 1243 nomen
1509 1179 1853 1264 praeferunt
1877 1176 2004 1238 fra-

153 1291 394 1365 gmenta
435 1284 520 1345 ita
554 1289 898 1366 comparata
941 1290 1100 1362 sunt,
1143 1291 1207 1345 ut
1250 1282 1366 1344 nisi
1410 1304 1447 1344 a
1491 1281 1737 1346 comicis
1780 1279 2010 1361 scripta

152 1406 298 1447 esse
337 1405 453 1446 non
497 1385 749 1467 possint.
836 1384 944 1447 Ex
985 1385 1101 1448 hoc
1147 1405 1376 1465 genere
1420 1392 1519 1448 est
1562 1405 1731 1466 quem
1776 1406 1835 1467 p.
1880 1381 2008 1444 690

152 1488 395 1551 exhibui
456 1486 830 1549 Theodectis
885 1486 1089 1561 locuS,
1156 1487 1521 1568 Theogneto
1582 1487 1846 1549 fortasse
1909 1486 2011 1548 vel

155 1590 495 1675 Theophilo
536 1588 951 1650 vindicandus.
1008 1589 1151 1652 Nec
1192 1588 1385 1651 miuus
1430 1589 1506 1652 de
1550 1587 1782 1652 Critiae
1825 1610 2011 1652 versu

154 1694 403 1777 quodam
473 1691 883 1769 dubitandum,
949 1712 1120 1775 quem
1188 1691 1458 1756 servavit
1512 1691 1812 1756 Stobaeus
1868 1686 2012 1756 13:01.

154 1797 332 1882 phyS.
377 1796 405 1857 1
450 1817 508 1878 p.
551 1793 678 1856 228
723 1794 936 1856 Heer.:
1317 1808 1325 1812 ·
1517 1792 1523 1797 ’

399 1918 474 1976 Ὃ
505 1917 702 1993 χρόνος
738 1916 964 1987 ἁπάσης
1003 1919 1157 1975 ἐστὶν
1191 1917 1357 1994 ὀργῆς
1395 1917 1710 1995 φάρμακον.

158 2037 346 2119 Atqui
401 2037 559 2099 hunc
601 2058 639 2097 a
681 2038 918 2118 tragico
961 2027 1147 2122 poeta'
1183 2060 1302 2102 non
1348 2038 1534 2101 scribi
1577 2038 1851 2122 potuisse
1895 2061 2011 2102 nu-

159 2161 447 2203 merorum
493 2139 643 2201 ratio
686 2139 924 2211 evincit.
984 2142 1191 2222 Itaque
1234 2162 1365 2204 cum
1403 2145 1674 2224 proxime
1713 2143 1828 2205 hoc
1871 2143 2014 2207 Me-

159 2242 369 2305 nandri
404 2242 796 2322 fragmentum
839 2242 1185 2305 antecedat:
1708 2230 1711 2238 ’

398 2353 483 2419 ’.Ω
525 2363 755 2421 δέσποτ’
794 2355 963 2435 ὦναξ,
1001 2365 1118 2421 ἔστι
1155 2369 1268 2432 τοῖς
1304 2371 1502 2441 σοφοῖς
1531 2368 1748 2439 βροτῶν

404 2452 584 2530 χρόνῳ
622 2458 964 2512 σκοπεῖσθαι
1002 2458 1098 2523 τῆς
1134 2454 1415 2524 ἀληθείας
1451 2460 1590 2531 πέρι,
1695 2527 1697 2533 Ι

161 2571 316 2654 quod
363 2593 419 2655 p.
463 2571 588 2635 272
634 2573 895 2650 exhibui,
942 2594 1059 2635 non
1104 2574 1389 2637 immerito
1434 2582 1739 2658 poetarum
1784 2575 2019 2638 nomina

161 2675 610 2758 transponenda
664 2697 809 2739 esse
869 2675 1225 2759 suspiceris
1323 2678 1483 2739 Nam
1543 2679 1877 2740 Menandro
1931 2678 2019 2740 ini

163 2799 382 2840 versus
425 2778 727 2859 assignari
760 2800 873 2840 non
906 2786 1180 2863 possunt,
1228 2780 1559 2863 vellemque
1599 2802 1708 2843 eos
1754 2803 1834 2844 ex
1882 2783 2019 2867 syl-

48 2939 49 2942 ,
163 2882 305 2963 loge
351 2902 477 2942 mea
522 2881 1169 2965 circumscripsissem,
1235 2903 1401 2962 quem
1443 2882 1525 2944 ad
1571 2884 1801 2945 modum
1846 2885 2022 2947 etiam

164 2985 303 3046 illos
358 3005 508 3066 quos
571 2984 632 3047 in
692 2986 903 3067 fragm.
958 2985 1071 3049 sab.
1129 2984 1337 3048 incert.
1379 2985 1789 3050 LXXXVm
1847 2990 2022 3073 posui

165 3108 223 3172 p.
265 3085 426 3149 257:

423 3200 560 3257 Oiy't'
600 3203 657 3257 ἐκ
687 3202 845 3277 χερὸς
881 3204 1132 3275 μεθέντα
1169 3202 1435 3277 καρτερὸν
1470 3205 1645 3261 λίθον

417 3292 559 3367 ῥᾷον
593 3297 888 3364 κατασχεῖν
925 3287 1045 3347 οὔτ’
1089 3289 1203 3348 ἀπὸ
1240 3291 1492 3366 γλώσσης
1524 3293 1706 3368 λόγον.

174 3402 345 3479 Quos
391 3403 625 3487 tragico
667 3402 1104 3468 adscribendos
1151 3424 1297 3469 esse
1342 3412 1583 3492 praeter
1626 3427 2022 3472 numemorum
