2202 3918
1831 227 1937 278 725

134 361 138 363 Δ
232 362 560 431 Alciphrouia
597 362 843 428 epistolas
878 364 975 413 aub
1017 358 1292 415 Menandri
1340 370 1394 413 et
1430 367 1681 430 Glycerae
1715 383 1936 434 persona

90 456 308 521 scriptas
344 467 462 503 cum
498 452 549 503 in
575 466 757 502 manus
791 452 1121 517 sumpserim,
1157 451 1295 502 haud
1333 451 1425 501 abs
1461 467 1520 501 re
1552 469 1635 503 me
1672 454 1931 507 facturum

89 543 338 603 arbitror,
385 540 430 591 sl
467 539 535 590 de
571 539 674 590 alio
711 538 932 604 quodam
971 540 1203 590 eiusdem
1241 538 1510 604 scriptoris
1555 539 1672 589 loeo
1719 549 1930 592 senten-

88 631 213 681 tiam
256 645 425 680 meam
473 641 812 695 proposuero.
899 627 1117 693 Legitur
1151 628 1196 678 is
1231 628 1322 678 lib.
1365 627 1413 677 ll
1451 642 1534 690 ep.
1572 626 1623 675 3.
1677 628 1765 677 ubi
1802 630 1929 679 scri-

87 719 257 787 psisse
302 716 648 770 Menandrum
701 713 959 780 Glycerae
1005 715 1247 781 fingitur,
1297 732 1387 778 ae,
1440 707 1642 764 etiamsi
1691 716 1922 780 splendi-

84 807 310 859 dissimis
356 801 745 856 condicionibus
799 803 1044 854 invitatus
1091 803 1253 854 fuerit
1302 820 1332 854 a
1382 799 1686 851 Ptolemaeo
1740 809 1798 852 ut
1841 821 1926 855 re-

82 897 221 949 lictis
256 894 475 947 Athenis
510 890 853 942 Alexandriae
899 891 1217 943 domicilium
1269 893 1405 943 vitae
1454 896 1700 957 poneret,
1753 896 1924 942 tamen

6 995 8 998 ⁴
79 1002 113 1035 a
156 983 322 1051 patria
368 981 468 1031 alio
510 979 624 1030 sole
671 978 916 1029 mutanda
967 997 1084 1031 esse
1134 980 1522 1031 alienissimum.
1616 979 1715 1029 Ubi
1768 979 1924 1038 enim,

7 1132 9 1156 Α
77 1072 274 1138 inquit,
320 1069 375 1121 iu
411 1070 651 1136 Aegypto
696 1072 924 1117 mentem
973 1083 1140 1121 meam
1190 1067 1718 1136 splendidissimorum
1771 1082 1924 1116 orna·-

76 1165 371 1212 mentorum
417 1161 472 1208 et
520 1156 799 1217 decorum,
850 1156 1035 1222 quibus
1073 1158 1312 1211 Athenae
1348 1155 1638 1217 abundant,
1688 1161 1920 1206 contem·

74 1249 306 1317 platioue
350 1246 664 1298 oblectabo‘.2
711 1244 799 1295 ubi
836 1246 1149 1312 conspiciam
1187 1245 1539 1306 ceramicum,
1585 1243 1787 1307 forum,
1836 1260 1919 1294 ar-

75 1353 223 1399 cem,
269 1349 570 1403 magnarum
608 1334 821 1385 dearum
859 1336 1133 1402 mysteria,
1180 1337 1269 1387 ubi
1303 1329 1404 1396 τὴν
1439 1329 1764 1399 γειτνιῶσαν
1799 1329 1919 1381 Σα·

72 1422 314 1492 λαμῖνα,
359 1417 439 1472 τὰ
486 1415 764 1484 στήνια,
821 1417 925 1484 τὴν
979 1418 1351 1485 Ψυττάλειαν,
1397 1417 1499 1485 τὴν
1550 1417 1916 1487 Μαραθῶνα,

68 1505 208 1576 ὅλην
250 1509 311 1562 ἐν
357 1511 478 1571 ταῖς
519 1503 811 1572 Ἀθήναις
854 1507 958 1574 τὴν
998 1506 1276 1577 Ἐλλάδα,
1325 1501 1464 1575 ὅλην
1509 1504 1610 1573 τὴν
1658 1502 1915 1572 Ἴωνὲανς

70 1604 178 1656 Hic
222 1603 439 1654 miratur
486 1599 796 1651 novissimus
845 1601 1044 1664 editor,
1098 1603 1223 1668 quid
1281 1602 1348 1653 sit
1403 1600 1541 1667 quod
1582 1598 1917 1664 Psyttaleam,

67 1690 349 1761 ignobilem
404 1688 649 1750 insulam,
704 1704 762 1739 se
820 1689 1234 1741 desideraturum
1288 1690 1554 1755 scripserit
1606 1688 1917 1749 Menander,

24 1797 171 1835 ,uon
207 1779 521 1840 miraturus,
568 1778 779 1844 opinor,
829 1777 872 1829 si
922 1794 983 1828 ea
1035 1779 1360 1844 potissimum
1412 1777 1529 1827 loca
1566 1776 1915 1826 Menandrum

10 1898 13 1923 ι
66 1882 373 1922 enumerare
425 1866 773 1929 meminisset,
838 1881 972 1932 quae
1026 1856 1247 1916 maxime
1312 1871 1527 1932 propter
1581 1865 1913 1916 Salaminiam

10 1964 14 1992 '¹
63 1957 331 2010 victoriam
384 1954 749 2006 inclaruerant.
842 1956 919 2005 Ac
974 1955 1272 2020 Psyttaleae
1326 1955 1464 2006 haud
1518 1960 1807 2021 postremas
1855 1955 1910 2004 in

66 2046 158 2099 llla
212 2045 489 2096 Persarum
544 2041 692 2092 clade
747 2046 922 2108 partes
978 2041 1143 2093 fuisse
1206 2045 1360 2094 docet
1415 2043 1712 2109 Aeschylus
1763 2043 1908 2094 Pers.

62 2135 169 2187 458
205 2149 318 2199 sqq.
356 2138 410 2182 et
447 2129 699 2181 Herodot.
737 2131 835 2183 Vll
873 2130 959 2182 95.
1046 2131 1299 2183 Eiusdem
1337 2132 1711 2182 observationis
1749 2132 1909 2182 ductu

61 2222 204 2276 haud
241 2221 348 2273 scio
385 2235 448 2270 an
489 2220 644 2270 ctiam
681 2219 900 2270 obscura
930 2219 1022 2271 llla
1057 2227 1111 2272 et
1147 2225 1393 2288 corrupta
1429 2221 1587 2271 verba
1621 2215 1705 2269 τὰ
1742 2213 1907 2281 στή-

63 2328 174 2363 ma
226 2310 363 2372 sive,
416 2322 549 2374 quae
605 2307 799 2359 codicis
852 2307 1012 2359 lectio
1072 2315 1184 2373 est,
1253 2304 1334 2358 τὰ
1402 2302 1619 2370 στήνα
1672 2309 1907 2376 expediri

60 2404 269 2468 queant,
304 2412 400 2465 pro
438 2395 707 2462 quibua-ai
744 2390 824 2444 τὰ
859 2393 917 2445 Σ
924 2389 1161 2459 ιλήνια
1196 2399 1515 2465 reposueris,
1551 2400 1685 2451 nihil·
1719 2400 1906 2466 opinor

60 2489 125 2540 ad
162 2486 509 2554 integritatem
547 2483 649 2534 loci
685 2484 1024 2537 desiderabis.
1059 2487 1333 2561 ‘Fuerunt
1366 2493 1538 2539 autem
1577 2483 1647 2537 τὰ
1666 2481 1904 2550 Σιλήνια

55 2578 342 2630 Salaminos
363 2572 772 2641 promontorium
792 2573 1070 2626 Persarum
1107 2575 1255 2627 clade
1284 2577 1525 2644 inprimis
1558 2578 1903 2630 nobilitatum.

62 2665 355 2732 Aeschylus
394 2663 544 2714 Pers.
580 2661 686 2711 8⁰8
722 2661 945 2713 Blomf.=

299 2786 685 2862 Ἀρτεμβάρης
721 2788 779 2841 δὲ
814 2786 1016 2859 μυρίας
1049 2783 1226 2843 ἵππου
1262 2785 1502 2859 βραβεύς

303 2876 581 2951 στυφλοὺς
616 2874 758 2949 παρ’
792 2873 962 2941 ἀκτὰς
998 2876 1254 2932 θείνεται
1290 2877 1588 2944 Σιληνίων.

52 3016 134 3072 Διὶ
171 3030 325 3083 quem
373 3014 544 3066 locum
588 3013 894 3066 scholiastes
940 3031 972 3065 a
1007 3010 1335 3066 Blomfieldio
1390 3015 1608 3067 citatus:
1658 3004 1897 3075 Σιλὴνια-

18 3095 309 3190 ιαῖγιαλὸἐ
373 3100 490 3152 ἐστι
557 3099 653 3165 τῆς
715 3098 1036 3167 Σαλαμῖνος
1102 3098 1198 3163 τῆς
1253 3100 1546 3167 λεγομένης
1608 3096 1895 3170 Τροπαίας

21 3279 257 3334 -aidetur
301 3278 660 3348 Τιμοσθένης
706 3274 766 3329 ἐν
811 3274 888 3349 τῷ
925 3278 1046 3348 περὶ
1085 3276 1335 3346 λιμένων.
1376 3284 1427 3346 Ι’)
1499 3279 1894 3332 Timosthenem

166 3471 206 3517 ·)
239 3468 555 3511 Vocabulorum
593 3468 721 3525 λιμὴν
764 3475 806 3511 et
849 3467 976 3522 λίμνη
1019 3470 1227 3522 perpetua
1270 3469 1337 3509 est
1365 3463 1573 3509 confusio.
1636 3462 1765 3517 Apud
1798 3462 1893 3503 lle-

54 3184 253 3261 ἇκρας,
288 3185 363 3251 ὥς
408 3183 700 3257 Τιμόξενος
737 3186 796 3240 ἐν
831 3187 907 3261 τῷ
944 3188 1068 3258 περὶ
1105 3187 1311 3256 λιμνῶν
1348 3186 1508 3259 φησί.
1589 3191 1895 3260 Legendum
1995 3202 2026 3230 -·
