2202 3918
281 195 387 248 772
551 271 553 273 v
1016 191 1394 242 MENANDm

776 327 836 378 1]
875 325 928 379 ,Ω
971 330 1029 380 Λ
1069 329 1109 379 ()
1161 329 1202 379 Y
1236 330 1307 380 M
1340 330 1392 380 E
1425 330 1479 380 IV
1520 330 1561 381 Ο
1602 331 1645 385 J.

1186 437 1248 487 Π.

289 530 403 582 Non
444 526 600 578 rebus
637 530 754 591 apta
794 529 874 574 est
913 525 1150 574 omnibus
1187 525 1464 591 sapientia:

286 615 560 683 aliquando
599 615 768 682 opu’st
805 613 1046 679 desipere
1084 627 1200 662 cum
1241 613 1518 666 sodalibus.

770 787 1646 845 PAIIIZOMENH.

1197 899 1236 948 1.

284 992 430 1056 Quae
468 988 600 1041 vitae
639 991 758 1039 sunt
796 986 942 1037 utilia
979 1001 1135 1051 quum
1175 986 1226 1036 di
1266 989 1554 1055 porrigunt,

284 1079 522 1144 accipere
558 1077 645 1142 qui
683 1082 972 1137 cunctatur,
1011 1075 1057 1124 is
1094 1081 1281 1141 sponte
1321 1086 1400 1126 est
1439 1078 1625 1128 miser:

283 1172 335 1217 at
371 1166 415 1215 si
451 1171 659 1214 recuset
697 1165 821 1213 dare
861 1163 999 1228 quod
1039 1164 1279 1229 expediat
1318 1166 1463 1226 dene,

280 1255 381 1304 iam
418 1260 523 1303 non‘
558 1252 658 1302 ista
694 1252 918 1303 hominis
957 1251 1126 1317 eulpa,
1164 1252 1258 1302 sed
1297 1269 1398 1302 non
1439 1253 1606 1303 dantis
1645 1258 1740 1303 est.

1181 1340 1242 1390 ΙΙ.

282 1416 475 1482 muria
510 1429 640 1480 inud
677 1429 831 1479 distat
867 1428 1170 1489 infortunio,

278 1520 384 1571 hoo
420 1534 585 1581 casus,
624 1518 764 1569 illam
805 1518 943 1584 quod
982 1519 1221 1590 voluntas
1253 1517 1434 1570 efficit.

1162 1607 1255 1657 111.

866 1696 1035 1762 Saepe
1074 1695 1349 1747 admodum

278 1788 331 1838 in
369 1787 537 1837 lucem
578 1785 752 1852 prodit
788 1801 886 1836 nec
923 1785 1154 1851 quaesita
1193 1785 1397 1834 veritas,

830 1938 1575 2024 ΣΙΚΥΩΝΙΟΣ.

1185 2082 1223 2132 l.

277 2166 488 2221 Convici
527 2169 793 2235 praebent,
833 2170 1002 2232 video,
1042 2171 1307 2220 materiam
1348 2169 1541 2220 affatim

275 2259 612 2310 stratiotioum
651 2257 864 2309 schema
902 2266 955 2308 et
993 2274 1166 2309 mores
1204 2259 1407 2309 exotici.

1169 2347 1230 2398 V.

273 2436 462 2488 Vultus
499 2435 740 2498 m3natur‚
777 2437 960 2503 pavida
1001 2452 1144 2486 mens
1182 2435 1319 2485 intus
1358 2436 1523 2486 sedet.

781 2605 1350 2662 ΣΤΡΑΤΙΩ
1399 2607 1620 2660 ΤΑΙ.

1170 2702 1235 2751 ΙΙ.

272 2790 424 2839 Latet
463 2805 617 2839 omne
655 2789 847 2841 crimen
887 2791 1006 2842 dum
1044 2790 1121 2851 fit,
1162 2789 1254 2839 sed
1295 2793 1541 2854 quantum
1581 2789 1680 2839 siet

268 2878 454 2938 sceluS,
492 2884 702 2944 peracto
742 2881 945 2931 scelere
981 2879 1190 2928 demum
1227 2877 1516 2942 intellegas·

679 3054 1691 3112 ΣΥΝΑΡΙΣΊὨΣΑΙ.

1144 3169 1233 3220 1V.

847 3259 1090 3308 Amorem
1130 3258 1268 3306 inter
1307 3256 1431 3307 deos

258 3340 626 3393 validissimum
661 3358 778 3394 este
816 3343 1259 3411 hoexargumento
1298 3345 1578 3395 evincitur:

135 3478 147 3487 ,
251 3431 388 3494 quod
427 3431 724 3497 peierantur
760 3438 977 3499 propter
1014 3433 1154 3485 hunc
1193 3449 1372 3485 omnes
1411 3435 1511 3484 dei.
