<?xml version="1.0" encoding="UTF-8"?>
<!DOCTYPE html PUBLIC "-//W3C//DTD XHTML 1.0 Transitional//EN"
    "http://www.w3.org/TR/xhtml1/DTD/xhtml1-transitional.dtd">
<html xmlns="http://www.w3.org/1999/xhtml" xml:lang="en" lang="en">
 <head>
  <title>
</title>
<meta http-equiv="Content-Type" content="text/html;charset=utf-8" />
  <meta name='ocr-system' content='tesseract 3.04.00' />
  <meta name='ocr-capabilities' content='ocr_page ocr_carea ocr_par ocr_line ocrx_word'/>
</head>
<body>
  <div class='ocr_page' id='page_1' title='image "./fragmentacomicor04meinuoft/fragmentacomicor04meinuoft_0810.png"; bbox 0 0 2202 3918; ppageno 0'>
   <div class='ocr_carea' id='block_1_1' title="bbox 351 238 1461 293">
    <p class='ocr_par' dir='ltr' id='par_1_1' title="bbox 351 238 1461 293">
     <span class='ocr_line' id='line_1_1' title="bbox 351 238 1461 293; baseline -0.004 -1"><span class='ocrx_word' id='word_1_1' title='bbox 351 241 455 293; x_wconf 77' lang='lat'><strong>788</strong></span> <span class='ocrx_word' id='word_1_2' title='bbox 1088 238 1461 291; x_wconf 76' lang='lat' dir='ltr'>MENANDR!</span> 
     </span>
    </p>
   </div>
   <div class='ocr_carea' id='block_1_2' title="bbox 1124 381 1431 433">
    <p class='ocr_par' dir='ltr' id='par_1_2' title="bbox 1124 381 1431 433">
     <span class='ocr_line' id='line_1_2' title="bbox 1124 381 1431 433; baseline 0 -4"><span class='ocrx_word' id='word_1_3' title='bbox 1124 381 1431 433; x_wconf 68' lang='lat' dir='ltr'><strong>hxxxvn.</strong></span> 
     </span>
    </p>
   </div>
   <div class='ocr_carea' id='block_1_3' title="bbox 348 466 1755 2019">
    <p class='ocr_par' dir='ltr' id='par_1_3' title="bbox 348 466 1755 2019">
     <span class='ocr_line' id='line_1_3' title="bbox 356 466 1730 537; baseline -0.005 -15"><span class='ocrx_word' id='word_1_4' title='bbox 356 473 534 537; x_wconf 81' lang='lat' dir='ltr'><strong>Turpe</strong></span> <span class='ocrx_word' id='word_1_5' title='bbox 572 475 651 520; x_wconf 86' lang='lat' dir='ltr'><strong>est</strong></span> <span class='ocrx_word' id='word_1_6' title='bbox 687 468 942 536; x_wconf 77' lang='lat' dir='ltr'><strong>profecto,</strong></span> <span class='ocrx_word' id='word_1_7' title='bbox 981 469 1200 533; x_wconf 80' lang='lat' dir='ltr'><strong>quoties,</strong></span> <span class='ocrx_word' id='word_1_8' title='bbox 1240 471 1325 534; x_wconf 88' lang='lat' dir='ltr'><strong>qui</strong></span> <span class='ocrx_word' id='word_1_9' title='bbox 1367 471 1539 536; x_wconf 80' lang='lat' dir='ltr'><strong>lingua</strong></span> <span class='ocrx_word' id='word_1_10' title='bbox 1578 466 1730 527; x_wconf 80' lang='lat' dir='ltr'><strong>vaiet,</strong></span> 
     </span>
     <span class='ocr_line' id='line_1_4' title="bbox 354 557 1385 629; baseline -0.001 -21"><span class='ocrx_word' id='word_1_11' title='bbox 354 561 528 625; x_wconf 80' lang='lat' dir='ltr'><strong>lingua</strong></span> <span class='ocrx_word' id='word_1_12' title='bbox 565 570 832 629; x_wconf 77' lang='lat' dir='ltr'>sermones</span> <span class='ocrx_word' id='word_1_13' title='bbox 871 558 1155 608; x_wconf 82' lang='lat' dir='ltr'><strong>eiaculatur</strong></span> <span class='ocrx_word' id='word_1_14' title='bbox 1192 557 1385 608; x_wconf 78' lang='lat' dir='ltr'><strong>futiieS.</strong></span> 
     </span>
     <span class='ocr_line' id='line_1_5' title="bbox 1111 646 1441 698; baseline -0.003 -2"><span class='ocrx_word' id='word_1_15' title='bbox 1111 646 1441 698; x_wconf 80' lang='lat' dir='ltr'>LXXXVIII.</span> 
     </span>
     <span class='ocr_line' id='line_1_6' title="bbox 350 733 1595 800; baseline -0.002 -13"><span class='ocrx_word' id='word_1_16' title='bbox 350 737 463 789; x_wconf 72' lang='lat' dir='ltr'><strong>,Nec</strong></span> <span class='ocrx_word' id='word_1_17' title='bbox 500 753 677 787; x_wconf 82' lang='lat' dir='ltr'><strong>saxum</strong></span> <span class='ocrx_word' id='word_1_18' title='bbox 715 735 868 787; x_wconf 78' lang='lat' dir='ltr'><strong>facile</strong></span> <span class='ocrx_word' id='word_1_19' title='bbox 910 733 1075 783; x_wconf 81' lang='lat' dir='ltr'><strong>valida</strong></span> <span class='ocrx_word' id='word_1_20' title='bbox 1115 736 1403 800; x_wconf 84' lang='lat' dir='ltr'><strong>proiectum</strong></span> <span class='ocrx_word' id='word_1_21' title='bbox 1443 751 1595 785; x_wconf 88' lang='lat' dir='ltr'><strong>manu</strong></span> 
     </span>
     <span class='ocr_line' id='line_1_7' title="bbox 350 810 1707 891; baseline -0.002 -17"><span class='ocrx_word' id='word_1_22' title='bbox 350 810 721 891; x_wconf 79' lang='lat' dir='ltr'>reprehendas,</span> <span class='ocrx_word' id='word_1_23' title='bbox 761 838 859 872; x_wconf 84' lang='lat' dir='ltr'><strong>nec</strong></span> <span class='ocrx_word' id='word_1_24' title='bbox 897 838 1190 872; x_wconf 88' lang='lat' dir='ltr'><strong>sermonem</strong></span> <span class='ocrx_word' id='word_1_25' title='bbox 1226 824 1310 886; x_wconf 90' lang='lat' dir='ltr'><strong>qui</strong></span> <span class='ocrx_word' id='word_1_26' title='bbox 1349 824 1523 889; x_wconf 81' lang='lat' dir='ltr'><strong>lingna</strong></span> <span class='ocrx_word' id='word_1_27' title='bbox 1561 823 1707 889; x_wconf 84' lang='lat' dir='ltr'><strong>sugit.</strong></span> 
     </span>
     <span class='ocr_line' id='line_1_8' title="bbox 1149 911 1433 960; baseline 0 0"><span class='ocrx_word' id='word_1_28' title='bbox 1149 911 1433 960; x_wconf 77' lang='lat' dir='ltr'>Lxxxlx.</span> 
     </span>
     <span class='ocr_line' id='line_1_9' title="bbox 351 999 1690 1066; baseline -0.003 -15"><span class='ocrx_word' id='word_1_29' title='bbox 351 1002 458 1051; x_wconf 82' lang='lat' dir='ltr'><strong>Lex</strong></span> <span class='ocrx_word' id='word_1_30' title='bbox 496 1017 581 1052; x_wconf 87' lang='lat' dir='ltr'><strong>res</strong></span> <span class='ocrx_word' id='word_1_31' title='bbox 619 1001 829 1066; x_wconf 80' lang='lat' dir='ltr'><strong>egregia</strong></span> <span class='ocrx_word' id='word_1_32' title='bbox 866 1005 970 1050; x_wconf 91' lang='lat' dir='ltr'><strong>est:</strong></span> <span class='ocrx_word' id='word_1_33' title='bbox 1012 1006 1062 1049; x_wconf 84' lang='lat' dir='ltr'><strong>at</strong></span> <span class='ocrx_word' id='word_1_34' title='bbox 1101 999 1186 1064; x_wconf 84' lang='lat' dir='ltr'><strong>qui</strong></span> <span class='ocrx_word' id='word_1_35' title='bbox 1227 1000 1440 1050; x_wconf 90' lang='lat' dir='ltr'><strong>nimium</strong></span> <span class='ocrx_word' id='word_1_36' title='bbox 1480 999 1690 1064; x_wconf 83' lang='lat' dir='ltr'><strong>respicit</strong></span> 
     </span>
     <span class='ocr_line' id='line_1_10' title="bbox 352 1088 1444 1155; baseline 0.001 -18"><span class='ocrx_word' id='word_1_37' title='bbox 352 1089 514 1155; x_wconf 80' lang='lat' dir='ltr'><strong>leges,</strong></span> <span class='ocrx_word' id='word_1_38' title='bbox 552 1089 912 1139; x_wconf 84' lang='lat' dir='ltr'><strong>calumniantis</strong></span> <span class='ocrx_word' id='word_1_39' title='bbox 948 1104 1222 1154; x_wconf 84' lang='lat' dir='ltr'><strong>personam</strong></span> <span class='ocrx_word' id='word_1_40' title='bbox 1262 1088 1444 1138; x_wconf 86' lang='lat' dir='ltr'><strong>induit.</strong></span> 
     </span>
     <span class='ocr_line' id='line_1_11' title="bbox 1204 1175 1387 1226; baseline 0.016 -3"><span class='ocrx_word' id='word_1_41' title='bbox 1204 1175 1337 1225; x_wconf 75' lang='lat' dir='ltr'>,XC.</span> <span class='ocrx_word' id='word_1_42' title='bbox 1385 1224 1387 1226; x_wconf 84' lang='lat'>.</span> 
     </span>
     <span class='ocr_line' id='line_1_12' title="bbox 354 1263 1689 1330; baseline 0 -17"><span class='ocrx_word' id='word_1_43' title='bbox 354 1263 680 1328; x_wconf 75' lang='lat' dir='ltr'><strong>Quicumque</strong></span> <span class='ocrx_word' id='word_1_44' title='bbox 718 1263 922 1313; x_wconf 86' lang='lat' dir='ltr'><strong>damnat</strong></span> <span class='ocrx_word' id='word_1_45' title='bbox 960 1279 1113 1313; x_wconf 89' lang='lat' dir='ltr'><strong>causa</strong></span> <span class='ocrx_word' id='word_1_46' title='bbox 1152 1278 1252 1312; x_wconf 90' lang='lat' dir='ltr'><strong>non</strong></span> <span class='ocrx_word' id='word_1_47' title='bbox 1296 1263 1429 1313; x_wconf 90' lang='lat' dir='ltr'><strong>bene</strong></span> <span class='ocrx_word' id='word_1_48' title='bbox 1468 1263 1689 1330; x_wconf 80' lang='lat' dir='ltr'><strong>cognita,</strong></span> 
     </span>
     <span class='ocr_line' id='line_1_13' title="bbox 353 1351 1567 1423; baseline 0.001 -22"><span class='ocrx_word' id='word_1_49' title='bbox 353 1351 671 1402; x_wconf 85' lang='lat' dir='ltr'><strong>damnandus</strong></span> <span class='ocrx_word' id='word_1_50' title='bbox 707 1352 821 1418; x_wconf 72' lang='lat' dir='ltr'><strong>ipae</strong></span> <span class='ocrx_word' id='word_1_51' title='bbox 861 1358 940 1402; x_wconf 85' lang='lat' dir='ltr'><strong>est</strong></span> <span class='ocrx_word' id='word_1_52' title='bbox 977 1351 1296 1423; x_wconf 73' lang='lat' dir='ltr'><strong>credulitatis</strong></span> <span class='ocrx_word' id='word_1_53' title='bbox 1336 1352 1567 1402; x_wconf 88' lang='lat' dir='ltr'><strong>crimine.</strong></span> 
     </span>
     <span class='ocr_line' id='line_1_14' title="bbox 1211 1439 1344 1490; baseline 0 0"><span class='ocrx_word' id='word_1_54' title='bbox 1211 1439 1344 1490; x_wconf 85' lang='lat' dir='ltr'>xcl.</span> 
     </span>
     <span class='ocr_line' id='line_1_15' title="bbox 350 1529 1582 1595; baseline 0.002 -16"><span class='ocrx_word' id='word_1_55' title='bbox 350 1529 431 1580; x_wconf 89' lang='lat' dir='ltr'><strong>Ne</strong></span> <span class='ocrx_word' id='word_1_56' title='bbox 467 1532 523 1580; x_wconf 89' lang='lat' dir='ltr'><strong>tu</strong></span> <span class='ocrx_word' id='word_1_57' title='bbox 561 1529 819 1595; x_wconf 86' lang='lat' dir='ltr'><strong>loquentis</strong></span> <span class='ocrx_word' id='word_1_58' title='bbox 858 1529 1062 1595; x_wconf 83' lang='lat' dir='ltr'><strong>respice</strong></span> <span class='ocrx_word' id='word_1_59' title='bbox 1101 1534 1341 1590; x_wconf 76' lang='lat' dir='ltr'><strong>aetatem,</strong></span> <span class='ocrx_word' id='word_1_60' title='bbox 1380 1546 1582 1595; x_wconf 77' lang='lat' dir='ltr'><strong>precor,</strong></span> 
     </span>
     <span class='ocr_line' id='line_1_16' title="bbox 350 1612 1755 1685; baseline 0.001 -18"><span class='ocrx_word' id='word_1_61' title='bbox 350 1618 442 1668; x_wconf 84' lang='lat' dir='ltr'><strong>sed</strong></span> <span class='ocrx_word' id='word_1_62' title='bbox 480 1635 562 1680; x_wconf 88' lang='lat' dir='ltr'><strong>an,</strong></span> <span class='ocrx_word' id='word_1_63' title='bbox 600 1612 732 1683; x_wconf 89' lang='lat' dir='ltr'><strong>quae</strong></span> <span class='ocrx_word' id='word_1_64' title='bbox 770 1618 989 1668; x_wconf 65' lang='lat' dir='ltr'><strong>deceant</strong></span> <span class='ocrx_word' id='word_1_65' title='bbox 1027 1618 1183 1667; x_wconf 85' lang='lat' dir='ltr'><strong>verba</strong></span> <span class='ocrx_word' id='word_1_66' title='bbox 1221 1618 1521 1683; x_wconf 86' lang='lat' dir='ltr'><strong>prudentes,</strong></span> <span class='ocrx_word' id='word_1_67' title='bbox 1561 1620 1755 1685; x_wconf 79' lang='lat' dir='ltr'><strong>loquar.</strong></span> 
     </span>
     <span class='ocr_line' id='line_1_17' title="bbox 1085 1689 1356 1756; baseline -0.004 0"><span class='ocrx_word' id='word_1_68' title='bbox 1085 1689 1088 1693; x_wconf 78' lang='grc'>’</span> <span class='ocrx_word' id='word_1_69' title='bbox 1191 1705 1356 1756; x_wconf 86' lang='lat' dir='ltr'><strong>xcn.</strong></span> 
     </span>
     <span class='ocr_line' id='line_1_18' title="bbox 348 1790 1450 1860; baseline 0 -17"><span class='ocrx_word' id='word_1_70' title='bbox 348 1794 643 1860; x_wconf 81' lang='lat' dir='ltr'><strong>Sapientiae</strong></span> <span class='ocrx_word' id='word_1_71' title='bbox 681 1794 756 1843; x_wconf 68' lang='lat' dir='ltr'><strong>vis</strong></span> <span class='ocrx_word' id='word_1_72' title='bbox 794 1790 1015 1843; x_wconf 81' lang='lat' dir='ltr'><strong>non‘est</strong></span> <span class='ocrx_word' id='word_1_73' title='bbox 1052 1793 1103 1842; x_wconf 91' lang='lat' dir='ltr'><strong>in</strong></span> <span class='ocrx_word' id='word_1_74' title='bbox 1145 1793 1284 1843; x_wconf 76' lang='lat' dir='ltr'><strong>canis</strong></span> <span class='ocrx_word' id='word_1_75' title='bbox 1323 1795 1450 1844; x_wconf 85' lang='lat' dir='ltr'><strong>sita:</strong></span> 
     </span>
     <span class='ocr_line' id='line_1_19' title="bbox 348 1881 1436 1948; baseline 0 -17"><span class='ocrx_word' id='word_1_76' title='bbox 348 1882 611 1948; x_wconf 82' lang='lat' dir='ltr'><strong>ingenium</strong></span> <span class='ocrx_word' id='word_1_77' title='bbox 651 1881 825 1932; x_wconf 82' lang='lat' dir='ltr'><strong>multis</strong></span> <span class='ocrx_word' id='word_1_78' title='bbox 865 1887 945 1931; x_wconf 86' lang='lat' dir='ltr'><strong>est</strong></span> <span class='ocrx_word' id='word_1_79' title='bbox 983 1882 1265 1932; x_wconf 84' lang='lat' dir='ltr'><strong>senectutis</strong></span> <span class='ocrx_word' id='word_1_80' title='bbox 1304 1882 1436 1931; x_wconf 88' lang='lat' dir='ltr'><strong>loco.</strong></span> 
     </span>
     <span class='ocr_line' id='line_1_20' title="bbox 1183 1969 1370 2019; baseline 0 -1"><span class='ocrx_word' id='word_1_81' title='bbox 1183 1969 1370 2019; x_wconf 81' lang='lat' dir='ltr'><strong>Xcm.</strong></span> 
     </span>
    </p>
   </div>
   <div class='ocr_carea' id='block_1_4' title="bbox 289 2056 1716 3534">
    <p class='ocr_par' dir='ltr' id='par_1_4' title="bbox 347 2056 1716 2119">
     <span class='ocr_line' id='line_1_21' title="bbox 347 2056 1716 2119; baseline -0.001 -10"><span class='ocrx_word' id='word_1_82' title='bbox 347 2058 559 2109; x_wconf 88' lang='lat' dir='ltr'><strong>Miseris</strong></span> <span class='ocrx_word' id='word_1_83' title='bbox 593 2058 712 2108; x_wconf 89' lang='lat' dir='ltr'><strong>dum</strong></span> <span class='ocrx_word' id='word_1_84' title='bbox 752 2058 927 2108; x_wconf 82' lang='lat' dir='ltr'><strong>vivunt</strong></span> <span class='ocrx_word' id='word_1_85' title='bbox 965 2063 1045 2107; x_wconf 84' lang='lat' dir='ltr'><strong>est</strong></span> <span class='ocrx_word' id='word_1_86' title='bbox 1084 2056 1419 2108; x_wconf 83' lang='lat' dir='ltr'><strong>laborandum</strong></span> <span class='ocrx_word' id='word_1_87' title='bbox 1459 2057 1716 2119; x_wconf 85' lang='lat' dir='ltr'><strong>omnibus,</strong></span> 
     </span>
    </p>

    <p class='ocr_par' dir='ltr' id='par_1_5' title="bbox 347 2146 1660 2287">
     <span class='ocr_line' id='line_1_22' title="bbox 347 2146 1660 2213; baseline 0 -17"><span class='ocrx_word' id='word_1_88' title='bbox 347 2147 498 2196; x_wconf 81' lang='lat' dir='ltr'><strong>vitam</strong></span> <span class='ocrx_word' id='word_1_89' title='bbox 538 2163 635 2213; x_wconf 88' lang='lat' dir='ltr'><strong>per</strong></span> <span class='ocrx_word' id='word_1_90' title='bbox 672 2163 729 2197; x_wconf 91' lang='lat' dir='ltr'><strong>se</strong></span> <span class='ocrx_word' id='word_1_91' title='bbox 767 2147 974 2212; x_wconf 89' lang='lat' dir='ltr'><strong>inopem</strong></span> <span class='ocrx_word' id='word_1_92' title='bbox 1014 2147 1133 2211; x_wconf 89' lang='lat' dir='ltr'><strong>quia</strong></span> <span class='ocrx_word' id='word_1_93' title='bbox 1173 2163 1274 2196; x_wconf 90' lang='lat' dir='ltr'><strong>non</strong></span> <span class='ocrx_word' id='word_1_94' title='bbox 1315 2147 1405 2196; x_wconf 85' lang='lat' dir='ltr'><strong>alit</strong></span> <span class='ocrx_word' id='word_1_95' title='bbox 1442 2146 1660 2211; x_wconf 75' lang='lat' dir='ltr'><strong>ignavia.</strong></span> 
     </span>
     <span class='ocr_line' id='line_1_23' title="bbox 1176 2235 1383 2287; baseline 0.005 -3"><span class='ocrx_word' id='word_1_96' title='bbox 1176 2235 1383 2287; x_wconf 71' lang='lat' dir='ltr'><strong>XC1V.&#39;</strong></span> 
     </span>
    </p>

    <p class='ocr_par' dir='ltr' id='par_1_6' title="bbox 347 2322 1594 2388">
     <span class='ocr_line' id='line_1_24' title="bbox 347 2322 1594 2388; baseline -0.001 -16"><span class='ocrx_word' id='word_1_97' title='bbox 347 2323 446 2388; x_wconf 77' lang='lat' dir='ltr'><strong>Qui</strong></span> <span class='ocrx_word' id='word_1_98' title='bbox 483 2338 639 2388; x_wconf 88' lang='lat' dir='ltr'><strong>quum</strong></span> <span class='ocrx_word' id='word_1_99' title='bbox 678 2339 780 2373; x_wconf 88' lang='lat' dir='ltr'><strong>non</strong></span> <span class='ocrx_word' id='word_1_100' title='bbox 819 2322 1065 2383; x_wconf 82' lang='lat' dir='ltr'><strong>militarit,</strong></span> <span class='ocrx_word' id='word_1_101' title='bbox 1105 2324 1317 2374; x_wconf 83' lang='lat' dir='ltr'><strong>militiae</strong></span> <span class='ocrx_word' id='word_1_102' title='bbox 1353 2324 1594 2388; x_wconf 85' lang='lat' dir='ltr'><strong>imperat,</strong></span> 
     </span>
    </p>

    <p class='ocr_par' dir='ltr' id='par_1_7' title="bbox 346 2410 1550 2551">
     <span class='ocr_line' id='line_1_25' title="bbox 346 2410 1550 2476; baseline 0 -17"><span class='ocrx_word' id='word_1_103' title='bbox 346 2427 557 2476; x_wconf 82' lang='lat' dir='ltr'><strong>gregem</strong></span> <span class='ocrx_word' id='word_1_104' title='bbox 595 2410 879 2461; x_wconf 84' lang='lat' dir='ltr'><strong>hostiarum</strong></span> <span class='ocrx_word' id='word_1_105' title='bbox 919 2411 1075 2472; x_wconf 85' lang='lat' dir='ltr'><strong>ducit,</strong></span> <span class='ocrx_word' id='word_1_106' title='bbox 1113 2428 1215 2461; x_wconf 89' lang='lat' dir='ltr'><strong>non</strong></span> <span class='ocrx_word' id='word_1_107' title='bbox 1252 2411 1550 2461; x_wconf 86' lang='lat' dir='ltr'><strong>exercitum.</strong></span> 
     </span>
     <span class='ocr_line' id='line_1_26' title="bbox 1177 2499 1363 2551; baseline -0.005 -2"><span class='ocrx_word' id='word_1_108' title='bbox 1177 2499 1363 2551; x_wconf 78' lang='lat' dir='ltr'>XCVI.</span> 
     </span>
    </p>

    <p class='ocr_par' dir='ltr' id='par_1_8' title="bbox 343 2586 1534 2638">
     <span class='ocr_line' id='line_1_27' title="bbox 343 2586 1534 2638; baseline -0.002 -1"><span class='ocrx_word' id='word_1_109' title='bbox 343 2588 562 2637; x_wconf 86' lang='lat' dir='ltr'><strong>Florere</strong></span> <span class='ocrx_word' id='word_1_110' title='bbox 599 2587 720 2637; x_wconf 86' lang='lat' dir='ltr'><strong>belli</strong></span> <span class='ocrx_word' id='word_1_111' title='bbox 759 2587 950 2638; x_wconf 88' lang='lat' dir='ltr'><strong>decore</strong></span> <span class='ocrx_word' id='word_1_112' title='bbox 990 2587 1101 2637; x_wconf 84' lang='lat' dir='ltr'><strong>iaus</strong></span> <span class='ocrx_word' id='word_1_113' title='bbox 1138 2603 1259 2637; x_wconf 88' lang='lat' dir='ltr'><strong>vera</strong></span> <span class='ocrx_word' id='word_1_114' title='bbox 1297 2591 1375 2637; x_wconf 82' lang='lat' dir='ltr'><strong>est</strong></span> <span class='ocrx_word' id='word_1_115' title='bbox 1412 2586 1534 2637; x_wconf 77' lang='lat' dir='ltr'><strong>viri:</strong></span> 
     </span>
    </p>

    <p class='ocr_par' dir='ltr' id='par_1_9' title="bbox 342 2675 1374 2814">
     <span class='ocr_line' id='line_1_28' title="bbox 342 2675 1374 2741; baseline 0.001 -17"><span class='ocrx_word' id='word_1_116' title='bbox 342 2677 394 2725; x_wconf 91' lang='lat' dir='ltr'><strong>in</strong></span> <span class='ocrx_word' id='word_1_117' title='bbox 433 2692 554 2726; x_wconf 85' lang='lat' dir='ltr'><strong>rure</strong></span> <span class='ocrx_word' id='word_1_118' title='bbox 592 2677 847 2726; x_wconf 87' lang='lat' dir='ltr'><strong>desudare</strong></span> <span class='ocrx_word' id='word_1_119' title='bbox 884 2675 1073 2725; x_wconf 86' lang='lat' dir='ltr'><strong>servile</strong></span> <span class='ocrx_word' id='word_1_120' title='bbox 1111 2681 1188 2725; x_wconf 90' lang='lat' dir='ltr'><strong>est</strong></span> <span class='ocrx_word' id='word_1_121' title='bbox 1227 2691 1374 2741; x_wconf 76' lang='lat' dir='ltr'><strong>opuS.</strong></span> 
     </span>
     <span class='ocr_line' id='line_1_29' title="bbox 1166 2762 1374 2814; baseline -0.01 -1"><span class='ocrx_word' id='word_1_122' title='bbox 1166 2762 1374 2814; x_wconf 84' lang='lat' dir='ltr'>XCVH.</span> 
     </span>
    </p>

    <p class='ocr_par' dir='ltr' id='par_1_10' title="bbox 342 2851 1373 2919">
     <span class='ocr_line' id='line_1_30' title="bbox 342 2851 1373 2919; baseline -0.002 -17"><span class='ocrx_word' id='word_1_123' title='bbox 342 2852 494 2902; x_wconf 84' lang='lat' dir='ltr'><strong>Lucri</strong></span> <span class='ocrx_word' id='word_1_124' title='bbox 533 2852 721 2919; x_wconf 84' lang='lat' dir='ltr'><strong>cupido</strong></span> <span class='ocrx_word' id='word_1_125' title='bbox 760 2858 810 2903; x_wconf 89' lang='lat' dir='ltr'><strong>et</strong></span> <span class='ocrx_word' id='word_1_126' title='bbox 851 2852 1121 2919; x_wconf 84' lang='lat' dir='ltr'><strong>navigandi</strong></span> <span class='ocrx_word' id='word_1_127' title='bbox 1161 2851 1373 2901; x_wconf 88' lang='lat' dir='ltr'><strong>audacia</strong></span> 
     </span>
    </p>

    <p class='ocr_par' dir='ltr' id='par_1_11' title="bbox 339 2929 1586 3080">
     <span class='ocr_line' id='line_1_31' title="bbox 339 2929 1586 3003; baseline -0.001 -14"><span class='ocrx_word' id='word_1_128' title='bbox 339 2940 587 3003; x_wconf 78' lang='lat' dir='ltr'><strong>perfacile</strong></span> <span class='ocrx_word' id='word_1_129' title='bbox 626 2929 849 2990; x_wconf 84' lang='lat' dir='ltr'><strong>reddunt</strong></span> <span class='ocrx_word' id='word_1_130' title='bbox 888 2941 1074 2990; x_wconf 81' lang='lat' dir='ltr'><strong>divites</strong></span> <span class='ocrx_word' id='word_1_131' title='bbox 1112 2946 1201 2990; x_wconf 84' lang='lat' dir='ltr'><strong>aut</strong></span> <span class='ocrx_word' id='word_1_132' title='bbox 1239 2943 1485 2988; x_wconf 90' lang='lat' dir='ltr'><strong>mortuos.</strong></span> <span class='ocrx_word' id='word_1_133' title='bbox 1584 2982 1586 2988; x_wconf 93' lang='lat'>.</span> 
     </span>
     <span class='ocr_line' id='line_1_32' title="bbox 1135 3027 1372 3080; baseline -0.013 -1"><span class='ocrx_word' id='word_1_134' title='bbox 1135 3027 1372 3080; x_wconf 81' lang='lat' dir='ltr'>XCVIII.</span> 
     </span>
    </p>

    <p class='ocr_par' dir='ltr' id='par_1_12' title="bbox 289 3113 1628 3181">
     <span class='ocr_line' id='line_1_33' title="bbox 289 3113 1628 3181; baseline 0.001 -19"><span class='ocrx_word' id='word_1_135' title='bbox 289 3133 292 3136; x_wconf 47' lang='lat'><em>&gt;</em></span> <span class='ocrx_word' id='word_1_136' title='bbox 337 3113 487 3177; x_wconf 72' lang='lat' dir='ltr'><strong>Quod</strong></span> <span class='ocrx_word' id='word_1_137' title='bbox 525 3115 566 3163; x_wconf 89' lang='lat' dir='ltr'><strong>si</strong></span> <span class='ocrx_word' id='word_1_138' title='bbox 608 3115 689 3164; x_wconf 90' lang='lat' dir='ltr'><strong>cui</strong></span> <span class='ocrx_word' id='word_1_139' title='bbox 729 3116 935 3165; x_wconf 88' lang='lat' dir='ltr'><strong>domino</strong></span> <span class='ocrx_word' id='word_1_140' title='bbox 974 3132 1154 3167; x_wconf 75' lang='lat' dir='ltr'><strong>servus</strong></span> <span class='ocrx_word' id='word_1_141' title='bbox 1192 3117 1407 3181; x_wconf 81' lang='lat' dir='ltr'><strong>contigit</strong></span> <span class='ocrx_word' id='word_1_142' title='bbox 1446 3116 1628 3176; x_wconf 74' lang='lat' dir='ltr'><strong>bonus,</strong></span> 
     </span>
    </p>

    <p class='ocr_par' dir='ltr' id='par_1_13' title="bbox 335 3201 1545 3341">
     <span class='ocr_line' id='line_1_34' title="bbox 335 3201 1545 3269; baseline 0.002 -19"><span class='ocrx_word' id='word_1_143' title='bbox 335 3201 436 3251; x_wconf 85' lang='lat' dir='ltr'><strong>hoc</strong></span> <span class='ocrx_word' id='word_1_144' title='bbox 472 3218 586 3252; x_wconf 87' lang='lat' dir='ltr'><strong>esse</strong></span> <span class='ocrx_word' id='word_1_145' title='bbox 624 3219 877 3253; x_wconf 89' lang='lat' dir='ltr'><strong>summum</strong></span> <span class='ocrx_word' id='word_1_146' title='bbox 917 3219 1101 3255; x_wconf 89' lang='lat' dir='ltr'><strong>munus</strong></span> <span class='ocrx_word' id='word_1_147' title='bbox 1137 3204 1376 3253; x_wconf 85' lang='lat' dir='ltr'><strong>fortunae</strong></span> <span class='ocrx_word' id='word_1_148' title='bbox 1409 3210 1545 3269; x_wconf 82' lang='lat' dir='ltr'><strong>puta.</strong></span> 
     </span>
     <span class='ocr_line' id='line_1_35' title="bbox 1158 3291 1345 3341; baseline 0 -1"><span class='ocrx_word' id='word_1_149' title='bbox 1158 3291 1345 3341; x_wconf 82' lang='grc' dir='ltr'><strong>ΧΟΙΧ.</strong></span> 
     </span>
    </p>

    <p class='ocr_par' dir='ltr' id='par_1_14' title="bbox 333 3378 1550 3446">
     <span class='ocr_line' id='line_1_36' title="bbox 333 3378 1550 3446; baseline 0 -19"><span class='ocrx_word' id='word_1_150' title='bbox 333 3378 387 3427; x_wconf 87' lang='lat' dir='ltr'><strong>Si</strong></span> <span class='ocrx_word' id='word_1_151' title='bbox 425 3379 625 3443; x_wconf 87' lang='lat' dir='ltr'><strong>pulchri</strong></span> <span class='ocrx_word' id='word_1_152' title='bbox 665 3395 836 3429; x_wconf 88' lang='lat' dir='ltr'><strong>mores</strong></span> <span class='ocrx_word' id='word_1_153' title='bbox 874 3380 1311 3446; x_wconf 82' lang='lat' dir='ltr'><strong>pulchritudinem</strong></span> <span class='ocrx_word' id='word_1_154' title='bbox 1350 3379 1550 3429; x_wconf 84' lang='lat' dir='ltr'><strong>insitam</strong></span> 
     </span>
    </p>

    <p class='ocr_par' dir='ltr' id='par_1_15' title="bbox 331 3466 1693 3534">
     <span class='ocr_line' id='line_1_37' title="bbox 331 3466 1693 3534; baseline 0 -19"><span class='ocrx_word' id='word_1_155' title='bbox 331 3467 695 3529; x_wconf 79' lang='lat' dir='ltr'><strong>condecorent‚</strong></span> <span class='ocrx_word' id='word_1_156' title='bbox 733 3483 875 3518; x_wconf 86' lang='lat' dir='ltr'><strong>amor</strong></span> <span class='ocrx_word' id='word_1_157' title='bbox 912 3468 1013 3517; x_wconf 87' lang='lat' dir='ltr'><strong>hoc</strong></span> <span class='ocrx_word' id='word_1_158' title='bbox 1049 3466 1160 3534; x_wconf 86' lang='lat' dir='ltr'><strong>ipso</strong></span> <span class='ocrx_word' id='word_1_159' title='bbox 1199 3468 1446 3533; x_wconf 82' lang='lat' dir='ltr'><strong>geminari</strong></span> <span class='ocrx_word' id='word_1_160' title='bbox 1484 3467 1632 3516; x_wconf 82' lang='lat' dir='ltr'><strong>solet.</strong></span> <span class='ocrx_word' id='word_1_161' title='bbox 1690 3475 1693 3477; x_wconf 82' lang='grc'><strong>’</strong></span> 
     </span>
    </p>
   </div>
  </div>
 </body>
</html>
