2202 3918
228 199 302 234 xn
939 174 1365 228 PRAEFATIO.

225 315 608 403 anapaestum
652 317 710 377 in
756 315 929 378 tertio
962 335 1141 376 versu
1185 315 1442 391 obvium,
1486 335 1617 377 cum
1665 315 1889 376 numeri
1934 315 2068 395 qui-

231 428 342 489 bus
385 423 672 506 septimus
727 437 947 479 versus
1005 415 1275 476 inclusus
1329 421 1427 476 est
1500 426 1615 475 tum
1685 418 1860 477 etiam
1915 416 2070 497 quod

229 533 435 609 quarto
458 544 642 585 versu
678 520 900 598 legitur
937 516 1183 576 verbum
1224 526 1576 597 περιέτρεψεν
1613 515 1894 598 impedire
1935 516 2072 578 mihi

230 627 560 691 videbatur.
655 618 994 682 Verissime
1049 617 1202 679 enim
1259 618 1571 678 Porsonus
1625 617 1701 678 ad
1761 617 2072 701 Euripidis

231 729 395 793 Med.
448 725 572 787 284
628 721 896 802 tragicos
951 739 1201 799 unquam
1255 717 1314 779 in
1371 719 1678 796 senariOS,
1734 719 2073 782 trochaicos

231 839 332 894 aut
375 830 735 911 anapaestos
778 820 1079 903 legitimos
1129 833 1252 904 περὶ
1299 820 1607 882 admittere
1652 822 1894 903 negavit
1937 827 2075 884 ante

232 933 499 996 vocalem
537 928 595 989 in
640 924 847 988 eadem
887 922 1021 985 sive
1065 922 1124 984 in
1169 922 1431 984 diversis
1469 923 1740 984 vocibus·
1790 922 1921 986 Sed
1961 923 2106 983 mi->

234 1057 345 1098 nus
390 1037 553 1094 recte
595 1027 690 1089 vir
732 1045 997 1088 summus
1037 1023 1176 1086 hinc
1217 1024 1443 1105 liquere
1486 1024 1682 1103 addit,
1734 1045 1951 1086 versus
1997 1043 2078 1086 ex

234 1134 539 1218 Euripidis
585 1128 855 1212 Sisypho
901 1148 936 1188 a
979 1125 1611 1189 Pseudo-Plutarcho
1665 1127 1958 1188 adductos
2002 1126 2078 1187 de

233 1236 483 1300 Placitis
543 1232 759 1317 philos,
812 1229 839 1288 1
897 1231 937 1290 7
997 1229 1222 1290 rectius
1272 1227 1504 1292 Critiae
1565 1229 1738 1304 tribui
1792 1250 1828 1290 a
1884 1227 2080 1290 Sexto

233 1342 404 1423 Emp.
462 1337 600 1399 adv.
646 1332 932 1395 Mathem.
973 1330 1066 1391 lX
1110 1331 1220 1391 54:
1282 1337 1530 1395 τοιούσδε
1577 1342 1930 1411 περιέστησεν
1977 1337 2081 1392 οἷν-

232 1448 490 1525 θρώποις
527 1445 755 1523 φόβους,
832 1431 1076 1507 Ceteris
1110 1432 1262 1495 enim
1296 1432 1546 1514 tragicis
1572 1433 1726 1514 quod
1753 1453 1868 1494 non
1895 1431 2080 1509 licuit,

234 1564 347 1607 nec
393 1541 621 1604 Critiae
662 1538 864 1616 licuit,
924 1535 1096 1600 cuius
1144 1535 1203 1595 in
1248 1556 1487 1597 versum
1533 1556 1663 1597 cum
1706 1542 1957 1601 τοιούσδε
1999 1555 2080 1596 ex

234 1645 431 1709 Grotii
474 1643 702 1705 demum
748 1640 1095 1704 coniectura
1132 1637 1355 1698 illatum
1396 1637 1494 1712 sit,
1540 1638 1670 1699 libri
1699 1646 2081 1700 autemcon-

233 1754 474 1812 stanter
500 1745 756 1806 habeant
797 1749 1096 1815 τοιούτους,
1134 1745 1397 1821 apertum
1442 1746 1539 1802 est
1574 1740 1707 1803 sive
1730 1738 2081 1823 Euripidem

233 1850 367 1913 Sive
398 1846 645 1911 Critiam
675 1845 1034 1928 Scripsisse:
1076 1851 1258 1916 τοίους
1293 1853 1448 1924 πέριξ
1483 1851 1712 1919 ἔστησεν
1755 1849 2083 1925 ἀνθρώποις

234 1958 464 2036 φόβους,
528 1948 633 2010 Ad
674 1954 940 2009 nostrum
980 1945 1176 2007 locum
1219 1949 1284 2003 ut
1325 1943 1585 2024 redeam,
1610 1944 1845 2007 videtur
1887 1951 2082 2006 tamen

238 2060 396 2115 mota
437 2050 757 2113 difficultas
802 2046 1094 2111 removeri
1135 2065 1342 2128 posse.
1413 2045 1572 2108 Nam
1616 2068 1794 2127 quum
1841 2046 1973 2109 cod.
2000 2047 2083 2120 A,

235 2156 333 2237 qui
389 2152 639 2215 omnium
696 2149 947 2214 Stobaei
1011 2148 1290 2209 librorum
1346 2148 1900 2229 praestantissimus
1967 2154 2084 2222 est,

234 2276 344 2342 pro
371 2265 719 2336 περιέτρεψεν
746 2252 960 2314 habeat
998 2261 1413 2333 περιέστρεψεν,
1451 2269 1568 2311 non
1602 2250 1772 2328 male,
1813 2258 1889 2319 ut?
1913 2252 2085 2331 equi-

236 2358 367 2420 dem
395 2355 623 2440 opinor,
648 2354 934 2419 coniicias
972 2356 1106 2434 ὅπερ
1142 2359 1490 2435 παρέστρεψ’
1532 2352 1658 2431 (vel
1700 2355 2083 2436 κατέστρεψ’)

237 2467 275 2537 ἢ
307 2466 504 2542 χρόνος
550 2489 633 2535 τις
686 2465 722 2535 ἢ
760 2463 1002 2540 φθόνος.
1107 2454 1250 2517 Nec
1302 2454 1506 2516 maiori
1576 2475 1759 2538 opera
1819 2473 2084 2539 anapae-

241 2570 395 2624 stum
453 2581 764 2622 removeas
819 2555 1148 2643 prononine
1207 2566 1318 2632 τίς,
1388 2577 1502 2637 quo
1559 2555 1736 2618 facile
1791 2575 2085 2630 caremuS‚

247 2668 349 2725 aut
398 2663 618 2742 deleto,
662 2668 763 2724 aut
806 2668 945 2724 ante
998 2665 1090 2723 ἐπ’
1131 2666 1303 2741 ἄκρον
1340 2657 1726 2741 transposito.
1813 2659 2086 2740 Denique

241 2765 496 2848 septimo
541 2764 745 2828 versui
788 2782 935 2826 suos
979 2781 1258 2824 numeros
1315 2760 1592 2824 facillime
1643 2759 1726 2822 ita
1768 2761 2086 2825 restituere

245 2867 478 2930 licebit:

596 2964 670 3049 τῷ
704 2971 840 3045 μήτε
878 2972 1007 3027 λίαν
1042 2973 1101 3027 ἐν
1136 2973 1374 3050 ταπεινῷ
1409 2991 1485 3046 τῳ
1521 2967 1685 3042 τύχης

595 3064 745 3134 μέρει
781 3064 1061 3136 φέρεσθαι
1097 3096 1165 3106 -

250 3175 384 3251 Qua
426 3171 795 3236 correctione
831 3171 955 3253 legi
994 3168 1399 3233 Porsonianae
1441 3167 1674 3230 abunde
1717 3167 2087 3231 satisfactum

250 3282 367 3342 est.
425 3275 594 3351 Quae
616 3279 927 3358 praeterea
960 3272 1020 3334 in
1056 3271 1334 3334 versibus
1376 3269 1498 3331 illis
1541 3270 1808 3352 tragicae
1845 3269 2087 3333 dictioni

253 3382 607 3465 repugnant,
649 3396 743 3441 VS·
786 3373 827 3438 5
878 3383 1023 3441 ἐπὰν
1074 3380 1137 3437 et
1184 3381 1446 3458 πράττειν
1484 3377 1545 3435 et
1587 3394 1678 3435 VS.
1706 3372 1744 3434 9
1783 3380 2087 3448 ἐλάττονος,
