2202 3918
238 220 309 270 36
940 210 1386 267 PHILEMONIS

1094 353 1240 407 V111.

448 455 535 522 552
575 461 943 538 τρισμακάρια
982 457 1167 515 πάντα
1202 464 1296 516 καὶ
1334 457 1624 534 τρισόλβια

454 573 526 627 τὰ
561 567 755 642 θηρί’,
790 560 873 632 οἷς
909 565 1008 622 οὐκ
1044 565 1164 622 ἔστι
1201 570 1324 639 περὶ
1361 565 1571 621 τούτων
1607 564 1797 638 λόγος·

455 674 575 732 οὔτ’
616 672 692 740 εἰς
730 674 948 746 ἔλεγχον
983 672 1147 729 οὐδὲν
1182 672 1367 728 αὐτῶν
1401 673 1627 746 ἔρχεται,

457 780 580 838 οὔτ’
621 780 758 837 ἄλλο
795 780 998 836 τοιοῦτ’
1043 780 1206 836 οὐδέν
1242 779 1366 836 ἐστ’
1407 780 1595 858 αὐτοῖς
1631 777 1801 834 κακὸν

386 895 421 946 5
457 890 712 957 ἔπακτον,
747 887 819 956 ἢν
857 885 919 942 δ’
961 885 1031 941 ἂν
1067 885 1433 958 εἰσενέγκηται
1470 885 1642 960 φύσιν

455 999 703 1064 ἕκαστον,
739 994 912 1060 εὐθὺς
948 997 1040 1050 καὶ
1078 992 1251 1065 νόμον
1289 991 1496 1060 ταύτην
1534 991 1657 1064 ἔχει.

459 1102 614 1176 ἡμεῖς
654 1101 716 1157 δ’
758 1100 1004 1174 ἀβίωτον
1041 1101 1212 1173 ζῶμεν
1249 1099 1546 1174 ἄνθρωποι
1583 1099 1739 1170 βίον·

457 1207 788 1280 δουλεύομεν
826 1206 1102 1277 δόξαισιν,
1138 1204 1382 1282 εὑρόντες
1413 1204 1632 1278 νόμους,

456 1313 832 1390 προγόνοισιν,
864 1314 1189 1386 ἕγγόνοισιν.
1266 1313 1365 1368 οὐκ
1403 1311 1524 1368 ἔστ’
1567 1309 1861 1382 ἀποτυχεῖν

352 1430 422 1479 10
459 1421 646 1493 κακοῦ,
684 1420 972 1496 πρόφασιν
1009 1420 1074 1475 δ’
1111 1418 1199 1475 ἆεί
1233 1417 1342 1475 τιν’
1384 1418 1775 1494 ἐξευρίσκομεν.

384 1556 638 1608 Stobaeus
671 1556 815 1606 Flor.
853 1525 1075 1608 xcvm
1116 1555 1202 1606 14.
1274 1553 1378 1623 νε.
1416 1553 1450 1604 2
1509 1554 1684 1604 Trinc.
1722 1544 1949 1617 θηρίοις
1997 1545 2094 1600 οὐκ
2159 1527 2161 1529 ’

243 1640 471 1698 ἔνεστιν.
542 1646 662 1696 Hoc
696 1638 907 1694 ἔνεστιν
944 1644 1097 1695 etiam
1135 1645 1197 1695 A.
1233 1675 1302 1684 -—
1341 1642 1430 1693 νε.
1468 1643 1502 1691 3
1539 1641 1656 1691 libri
1692 1633 1878 1690 αὐτῶν
1913 1634 2090 1692 οὐδέν.
2168 1687 2170 1689 ,

246 1733 592 1802 Transposuit
629 1732 860 1786 Grotius.
899 1763 969 1776 ·—
1005 1733 1095 1787 νε.
1135 1733 1168 1782 9
1206 1730 1378 1783 malim
1415 1723 1738 1797 ἐκγόνοισιν.

1129 1872 1219 1926 ΙΧ.

451 1975 542 2043 Νὴ
581 1975 680 2031 τὸν
717 1977 822 2032 Δία
860 1974 959 2031 τὸν
991 1979 1252 2048 μέγιστον
1289 1973 1460 2051 ᾤμην,
1499 1976 1710 2044 Σωσία,

452 2082 551 2152 ἐγώ
572 2081 860 2157 πρότερον
894 2088 994 2155 μὲν
1029 2084 1157 2147 τοὺς
1194 2085 1431 2149 πένητας
1465 2085 1560 2149 ζῆν
1594 2083 1770 2155 μόνον

452 2186 848 2262 ὀδυνωμένους,
884 2191 994 2244 τῶν
1030 2187 1312 2244 πλουσίων
1350 2190 1408 2243 δὲ
1445 2187 1543 2242 τὸν
1580 2189 1707 2259 βίον

455 2297 650 2369 ἱλαρόν
683 2295 796 2352 τιν’
837 2287 980 2351 εἶναι
1016 2298 1109 2351 καὶ
1147 2298 1333 2369 φέρειν
1366 2292 1682 2366 εὐθυμίαν·

386 2408 422 2460 5
457 2406 580 2458 νυνὶ
618 2403 676 2458 δὲ
714 2405 1053 2476 διαφέροντα
1094 2404 1208 2466 τοῖς
1244 2400 1389 2457 καθ’
1429 2400 1641 2477 ἡμέραν

450 2508 851 2582 δαπανήμασιν
888 2510 956 2577 δὴ
995 2508 1094 2564 τὸν
1133 2507 1258 2578 βίον
1295 2506 1405 2582 ὁρῶ
1437 2507 1628 2581 μόνον,

450 2616 626 2680 λύπας
663 2617 726 2671 δ’
763 2614 987 2690 ἔχοντας
1026 2616 1279 2688 μείζονας
1316 2614 1440 2681 τοὺς
1476 2618 1744 2689 μείζονας.

379 2735 634 2787 Stobaeus
671 2736 812 2788 Flor.
851 2736 1046 2789 xcvn
1085 2738 1170 2790 18.
1247 2739 1336 2791 νε.
1371 2739 1398 2788 1
1436 2742 1555 2806 post
1591 2730 1855 2804 πρότερον
1892 2737 2086 2789 adden—

238 2822 360 2873 dum
397 2839 513 2875 esse
548 2820 667 2888 μέν,
704 2824 882 2884 monui
925 2825 977 2875 in
1016 2825 1140 2877 edit.
1180 2826 1297 2877 mai.
1373 2828 1658 2878 Confirmat
1694 2841 1832 2876 nunc
1868 2827 1982 2877 cod.
2020 2829 2083 2878 A.

242 2911 343 2961 nisi
381 2911 519 2977 quod
555 2912 600 2964 is
636 2913 777 2963 illam
813 2913 1116 2980 particulam
1152 2918 1271 2980 post
1305 2909 1432 2972 τοὺς
1468 2914 1657 2976 habet,
1706 2914 1823 2964 loco
1862 2919 1920 2965 ut
1957 2916 2084 2965 mihi

245 2999 448 3050 videtur
485 3001 568 3051 vix
605 3001 728 3051 satis
766 3006 906 3067 apto.
959 3000 1087 3053 Ibid.
1125 2995 1327 3067 μόνους
1359 3002 1402 3052 Β
1441 3017 1535 3067 pro
1572 2995 1761 3068 μόνον.
1813 3034 1884 3044 -—
1922 3005 2013 3058 Vn.
2046 3003 2082 3055 5

219 3085 366 3138 ,222va
403 3089 686 3140 Bentleiun.
740 3087 883 3139 Libri
920 3084 1034 3141 νῦν.
1106 3122 1176 3132 —-
1248 3091 1338 3143 νε.
1372 3091 1406 3139 6
1442 3091 1555 3142 cod.
1595 3093 1635 3141 B
1674 3085 1733 3155 γ’
1770 3084 1909 3161 ὁρῶ,
1944 3093 2082 3159 quod

244 3177 551 3227 correctoris
599 3193 715 3228 esse
761 3177 982 3229 videtur.
1069 3177 1246 3230 Possis
1282 3172 1498 3242 βίοτον,
1537 3181 1766 3243 victum,
1804 3197 1897 3248 pro
1935 3178 2078 3246 βίον,

243 3260 350 3313 Sed
394 3263 586 3315 haereo
629 3251 794 3316 etiam*
833 3267 887 3316 in
925 3267 1177 3332 particula
1215 3263 1310 3331 δή,
1367 3283 1517 3332 quam
1566 3275 1712 3339 τρεῖς
1758 3270 1979 3320 inertem
2027 3276 2080 3323 et

243 3350 460 3402 otlosam
496 3357 646 3416 vocat
681 3354 981 3416 Bentleim,
1030 3362 1180 3405 acute
1230 3357 1510 3407 coniiciens
1560 3349 1962 3421 δαπανήμασιν
2008 3354 2075 3421 νὴ

235 3431 335 3487 τὸν
351 3432 458 3488 Δία
494 3433 663 3508 ὃιοριιῖ
695 3434 886 3505 μόνον,
923 3443 1061 3509 quod
1099 3444 1196 3495 etsi
1223 3450 1438 3512 propter
1474 3444 1632 3495 ictum
1668 3447 1721 3496 in
1757 3445 1934 3497 ultima
1971 3448 2077 3513 syl-
2139 3471 2159 3522 23
2192 3500 2202 3520 Δ
