2202 3918
245 214 350 266 612
416 221 427 224 “
739 229 745 235 ’
887 215 889 217 ’
952 199 1400 290 FRAGMENTA

249 357 324 408 111
366 372 414 422 p.
454 353 523 403 90
573 350 639 402 de
677 348 935 402 cinaedis:
982 339 1302 412 κιχλῐζοντες
1337 343 1429 396 καὶ
1474 341 1867 414 ψιθυρίζοντες
1901 343 1994 396 καὶ
2029 340 2093 396 τὸ

247 437 508 512 πορνικὸν
563 433 765 499 ἀνέδην
800 429 874 495 εἰς
909 428 1198 498 ἀσέλγειαν
1235 429 1328 483 διά
1363 431 1529 503 ῥινῶν
1564 432 1987 504 ἐπιψοφοῦντες.
2024 466 2094 491 -.-

246 536 335 588 Vs.
375 533 408 581 3
454 521 692 595 πλάγιον
729 539 964 585 ποιησας
1003 518 1101 571 τὸν
1135 515 1423 588 τράχηλον.
1512 525 1627 576 Hoc
1676 526 2094 577 effeminatorum

245 626 374 673 erat.
450 619 666 669 Polemo
708 613 986 680 Physiogn.
1028 613 1046 662 1
1087 629 1136 677 p.
1156 612 1287 662 1763
1324 604 1517 671 κλάσις
1555 609 1654 661 τοῦ
1687 609 1959 681 τραχηλου
1995 606 2095 662 ἀν-

248 690 518 778 δρὸγυνον
569 701 744 765 δηλοῖ.
835 701 931 752 1)ἰο
987 700 1367 767 Chrysost.1V
1421 718 1472 767 p.
1513 700 1642 751 1773
1700 697 1885 761 λευκὸς
1939 693 2095 762 ἰδεῖν,

242 790 527 867 τρυφερός,
563 785 800 859 αιθριάς
838 788 931 839 καὶ
971 783 1156 839 πόνων
1194 784 1444 854 ἄπειρος,
1482 782 1796 839 ἀποκλίνων
1832 786 1930 840 τὸν
1966 782 2096 858 τρά-

238 881 429 955 χηλον,
485 878 667 950 ὑγροῖς
721 879 834 939 τοῖς
890 873 1107 945 ὄμμασι
1161 872 1375 945 μάχλον
1428 873 1773 945 ὑποβλέπων.
1865 879 2009 931 Idem
2049 879 2096 932 V

240 993 291 1043 p.
335 974 462 1025 1963
525 962 879 1021 ἐπιδεικνύειν
924 965 981 1016 δέ
1030 963 1102 1016 τά
1151 962 1342 1038 στήθη
1389 966 1484 1016 καὶ
1533 965 1659 1028 τοὺς
1706 964 1955 1036 μαστούς
2000 966 2111 1021 καὶ,

242 1060 343 1114 τὸν
379 1055 651 1129 τράχηλον
687 1051 1034 1108 ἀνακλωσαν.
1122 1058 1265 1107 idem
1302 1057 1521 1107 xxxin
1562 1075 1610 1124 p.
1648 1058 1746 1109 253
1783 1053 1845 1107 τὸ
1883 1052 1952 1106 τά
1987 1051 2095 1123 ὄμ-

242 1168 396 1219 ματα
436 1145 829 1216 ἀναστρέᾳειν,
866 1141 929 1194 τὸ
968 1139 1229 1210 ἐγκλίνειν
1267 1141 1363 1194 τὸν
1398 1140 1689 1212 τράχηλον.
1767 1148 1910 1196 idem
1949 1147 2091 1198 LXII

241 1258 292 1307 p.
331 1239 461 1289 3233
509 1232 607 1285 τὸν
643 1229 914 1301 τράχηλον
951 1223 1287 1292 ἀποκλίνων,
1323 1227 1431 1281 ὑπὸ
1473 1230 1530 1281 δὲ
1569 1229 1765 1300 ἀργίας
1801 1233 1896 1283 καὶ
1934 1231 2092 1295 σκιᾶς

240 1321 444 1385 λευκός.
516 1325 809 1390 Archippus
849 1323 1074 1373 comicus
1112 1322 1212 1372 vol.
1238 1322 1282 1371 11
1320 1339 1370 1388 p.
1387 1323 1494 1372 728
1526 1323 1596 1372 de
1627 1321 1915 1374 Alcibiadis
1953 1324 2093 1375 filio:

240 1407 730 1482 κλασαυχενεύεταί
766 1428 821 1461 τε
857 1410 951 1460 καὶ
988 1407 1347 1479 τραυλίζεται.
1442 1411 1567 1460 Post
1617 1411 1850 1476 quintum
1887 1429 2093 1465 versum

239 1507 463 1557 fortasse
499 1504 738 1570 superius
774 1501 1121 1567 fragmentum
1159 1499 1478 1551 addendum:
1516 1498 1609 1549 καὶ
1643 1495 1923 1568 μαστίχην
1961 1494 2111 1570 teni-²

241 1609 455 1660 γοντας,
494 1587 719 1655 ὅζοντας
754 1583 948 1657 μύρου.

1076 1648 1100 1663 x

1045 1733 1284 1785 XXXIX.

384 1843 626 1894 Clemens
679 1841 824 1891 Alex.
866 1839 1025 1890 Paed.
1065 1840 1141 1890 111
1181 1857 1231 1906 p.
1269 1840 1373 1890 108
1418 1840 1592 1906 Sylb.:
1645 1834 1708 1889 τὸ
1763 1834 1864 1917 γὰρ
1918 1834 2092 1906 ἀβρο-

243 1925 460 1979 δίαιτον
509 1925 606 1990 τῆς
653 1926 776 1995 περὶ
819 1924 918 1976 τὸν
966 1921 1270 1994 περίπατον
1318 1922 1607 1988 κινήσεως,
1653 1927 1747 1977 καὶ
1793 1925 1856 1977 τὸ
1908 1926 2091 1979 σαῦλα

244 2015 482 2085 βαίνειν,
518 2009 590 2077 ὥς
628 2029 803 2084 φησιν
835 2009 1184 2081 Ἀνακρέων,
1216 2011 1417 2085 κομιδῇ
1454 2001 1832 2083 ἑταιρικά,ὥ’ς
1868 2010 1927 2083 y'
1966 2014 2092 2085 ἐμοὶ

243 2102 522 2174 φαίνεται.
576 2103 718 2167 (καὶ)
760 2097 792 2165 ἡ
831 2098 1091 2173 κωμῳδία
1129 2103 1306 2171 φησὶν
1343 2098 1423 2152 τά
1461 2101 1618 2171 ἴχνη
1657 2100 1733 2154 τά
1769 2100 2091 2173 ἑταιρικὰ
2163 2113 2166 2117 ’
2199 2158 2202 2166 ,

180 2208 187 2215 ”
241 2186 431 2265 ὥραν
477 2187 892 2244 ἀπολείπειν
940 2192 1054 2242 καὶ
1094 2187 1376 2261 τρυφήν.
1454 2195 1510 2244 ln
1547 2196 1628 2246 his
1666 2189 2092 2262 ριόἀπολεί-

245 2298 402 2334 πειν
439 2283 769 2349 scribendum
807 2283 1043 2348 suspicor
1079 2274 1504 2349 ἀπολείβειν.
1546 2284 1803 2338 Versuum
1841 2287 2092 2355 reliquiae

245 2373 468 2424 fortasse
504 2373 576 2421 ita
611 2369 1017 2421 conformandae
1054 2376 1201 2422 sunt:

1213 2451 1282 2506 τά
1320 2451 1378 2506 δ’
1419 2454 1663 2526 ἑταιρικά

580 2543 700 2612 ἴχνη
739 2583 754 2598 .
793 2536 818 2599 .’
846 2583 859 2597 .
896 2532 1048 2613 ιῖίραν
1082 2538 1371 2610 ἀπολείβει
1397 2546 1493 2595 καὶ
1529 2541 1759 2615 τρυφήν.

244 2636 349 2688 sed
387 2635 663 2686 videndum
702 2651 769 2684 ne
806 2629 875 2682 τά
913 2628 1154 2703 ἑταιρικά
1174 2622 1419 2686 'clemens
1458 2636 1524 2685 de
1560 2652 1654 2686 suo
1691 2638 1965 2703 addiderit,
1999 2657 2087 2693 σο-

243 2726 404 2774 micus
442 2730 614 2773 autem
655 2723 720 2772 de
758 2729 899 2773 certa
937 2724 1155 2788 quadam
1192 2724 1467 2774 meretrice
1505 2725 1627 2775 luxu
1665 2730 1718 2776 et
1755 2727 1952 2780 delicii-
1989 2730 2088 2781 dif-

244 2814 440 2864 fluente
477 2827 580 2862 non
622 2811 719 2860 nisi
757 2811 888 2862 haec
926 2812 1137 2874 dixerit,
1184 2807 1340 2877 ἴχνη
1391 2804 1445 2859 δ’
1485 2802 1671 2913 ιῖίραν
1717 2807 2089 2883 ἀπολείβει

245 2898 360 2948 καὶ
397 2913 686 2967 τρυφην.

1041 3002 1116 3035 **
1155 3006 1267 3057 XL.

480 3099 597 3156 ”Av
633 3105 737 3174 μῦς
775 3102 996 3185 διορύξῃ
1035 3106 1227 3177 βωμὸν
1261 3104 1402 3163 ὄντα
1435 3107 1683 3173 πήλινον,

493 3207 595 3263 κᾶν
631 3213 804 3280 μηδὲν
836 3211 963 3265 ἀλλ’
1003 3212 1137 3283 ἔχων
1174 3210 1445 3286 διατράχῃ
1483 3212 1752 3280 θύλακον,

490 3315 794 3387 ἀλεκτρυών
831 3317 1160 3390 τρεφόμενος
1198 3316 1267 3373 ἂν
1303 3317 1410 3392 ἀφ’
1452 3320 1682 3392 ἑσπέρας

573 3401 583 3422 i

491 3419 617 3496 ἄσῃ,
655 3425 943 3492 τιθέμενοι
982 3426 1144 3479 τοῦτο
1178 3422 1406 3496 σημεῖόν
1443 3445 1598 3491 τινες.
