2202 3918
807 193 1323 251 ΚΙΘΑΡΩΙΔΟΣ.
1891 209 1998 262 405

1038 343 1105 394 ll.

394 444 580 515 Οἴμοι,
617 445 961 518 φιλοσοφεῖς.
999 442 1140 499 ἀλλὰ
1175 440 1304 509 τούς
1339 461 1399 513 γε
1436 442 1782 518 φιλοσόφους

380 552 441 605 έν
478 553 593 617 τοῖς
630 548 814 623 λόγοις
850 551 1198 625 φρονοῦντας
1232 548 1462 622 εὑρίσκω
1496 547 1692 622 μόνον,

378 636 619 714 ἐν’τοῖσι
658 656 712 712 δ’
754 665 932 731 ἔργοις
970 656 1137 723 ὄντας
1175 653 1442 725 ἀνοήτους
1480 654 1610 732 ὁρῶ.

265 777 568 829 Athenaeus
616 776 741 828 xm
796 795 846 844 p.
885 778 996 829 610
1014 779 1064 830 f:
1107 771 1437 846 Ἐμφανίζει
1484 767 1543 824 δ’
1584 766 1740 842 ὑμῶν
1789 775 1886 828 καὶ
1927 775 1989 829 τὸ

128 854 369 926 ἀνόητον
400 857 750 927 Ἀνάξιππος
785 858 815 914 ὁ
852 860 1268 936 κωμῳδιοποιός
1290 903 1305 928 ,
1338 864 1398 916 ἐν
1436 863 1874 937 Κεραυνουμένῳ
1908 863 1993 918 λέ-

124 966 239 1015 γων
270 941 451 1012 οὕτως
495 947 661 1017 Οἴμοι
696 950 1024 1022 φιλοσοφεῖς
1057 953 1172 1006 κτλ.
1255 956 1423 1009 Versu
1449 953 1643 1022 ‘primo
1679 970 1736 1022 γε
1776 957 1991 1013 Grotius
2065 986 2069 989 Δ

123 1040 371 1108 Excerpt.
411 1058 463 1109 p.
500 1041 624 1093 863.
699 1043 845 1095 Libri
882 1058 954 1092 τε.
1015 1115 1093 1166 lu

266 1200 616 1254 Antiattieista
652 1219 705 1270 p.
739 1202 833 1254 ¹79.
884 1194 1187 1254 Ἀποτετ
1204 1197 1282 1271 ὑχ
1298 1215 1420 1265 ητα
1437 1220 1484 1253 ιε
1539 1174 1667 1253 ἇντὶ
1714 1199 1816 1256 τοῦ
1849 1199 1993 1257 ἄπο-

59 1304 67 1310 ·
123 1282 422 1340 τέτευκται.
488 1280 846 1354 Ἀνάξιππος
881 1289 1168 1364 Κεραυνῷ.
1253 1292 1389 1346 Vide
1428 1293 1661 1346 Lobeck.
1715 1293 1783 1346 ad
1820 1293 1991 1362 Phry·
2044 1294 2049 1301 ’

123 1375 336 1428 niehum
372 1393 426 1445 p.
463 1378 570 1430 728
607 1386 661 1432 et
695 1380 993 1435 Buttmann.
1033 1384 1265 1436 Gramm.
1296 1380 1355 1432 -11
1395 1396 1449 1448 p.
1487 1380 1612 1434 237.

639 1538 1483 1594 ΚΙΘΑΡΩΙΔΟΣ.

1034 1649 1076 1699 1.

264 1729 601 1806 Ζωμήρυσιν
636 1730 763 1807 φέρ’
791 1750 805 1766 ·
845 1723 961 1788 οἷσ’
1003 1729 1324 1803 ὀβελίσκους
1359 1730 1600 1789 δώδεκα·

258 1837 560 1914 κρεάγραν·
592 1839 829 1896 θυείαν·
867 1840 1231 1915 τυροκνῆστιν
1269 1838 1566 1907 παιδικήν·

262 1946 512 2001 στελεόν·
550 1948 834 2020 σκαφίδας
871 1950 1040 2020 τρεῖς·
1081 1944 1311 2019 δορίδα·
1349 1945 1588 2013 κοπίδας
1621 1948 1917 2023 τέτταρας·

261 2053 330 2107 οὐ
363 2052 442 2124 μὴ
481 2050 749 2127 πρότερον
784 2054 970 2120 οἴσεις,
1007 2055 1234 2107 θεοῖσιν
1268 2053 1438 2125 ἐχθρὲ
1476 2051 1565 2118 σύ,

261 2157 326 2212 τὸ
362 2158 654 2230 λεβήτιον·
692 2156 796 2214 τάκ
832 2159 932 2213 τοῦ
967 2155 1186 2232 νίτρου·
1224 2155 1393 2214 πάλιν
1429 2154 1698 2233 ὑστερεῖςς

262 2267 358 2320 καὶ
393 2264 497 2331 τὴν
530 2263 764 2335 κύβηλιν
801 2263 904 2331 τὴν
940 2262 1371 2338 ἀγωνιστηρίαν.

261 2377 560 2429 Athenaeus
594 2375 666 2429 lv
691 2393 742 2443 p.
764 2376 947 2427 1691„
983 2370 1281 2443 μαγειρικὰ
1318 2370 1377 2423 δὲ
1413 2367 1580 2437 σκεύη
1616 2372 1989 2445 καταριθμεῖ·-

19 2470 21 2489 '
117 2479 214 2514 ται
243 2456 598 2527 Ἀνάξιππος
633 2460 694 2514 ἐν
731 2459 1059 2534 Κιθαρῳδῷ
1094 2454 1268 2523 οὕτως
1307 2456 1641 2534 Ζωμήρυσιν
1677 2461 1792 2514 κτλ.
1840 2465 1984 2520 Vs.l

21 2579 25 2634 3
117 2547 246 2622 φέρ’
282 2538 401 2603 οἶσ’
438 2553 710 2605 Dobraeus
746 2553 877 2605 Adv.
918 2554 968 2604 11
1007 2570 1060 2621 p.
1098 2554 1222 2605 271.
1273 2553 1446 2621 Vulgo
1484 2551 1688 2622 φέροις.
1726 2583 1797 2595 —-—
1825 2553 1916 2607 Vs.
1948 2554 1985 2605 2

116 2635 327 2693 θυείαν
377 2641 671 2709 Schweigh.
711 2658 775 2693 ex
812 2642 1090 2694 Eustathio
1140 2641 1206 2692 ad
1254 2641 1401 2693 Iliad.
1439 2658 1491 2709 p.
1528 2642 1636 2707 872
1674 2643 1775 2692 12:
1822 2657 1986 2709 τυρο·

114 2726 338 2793 κνῆστις
373 2724 696 2797 μαγειρικὸν
734 2726 923 2794 σκεῦος
959 2714 1054 2792 ἦν,
1112 2721 1275 2784 καθά
1312 2743 1456 2795 φησι
1494 2729 1593 2790 (se.
1630 2729 1982 2796 Athenaeus),

114 2818 210 2871 καὶ
258 2814 294 2882 ἡ
351 2813 659 2887 ζωμήρυσις
705 2815 801 2867 καὶ
850 2815 907 2868 οἱ
956 2812 1236 2884 ὀβελίσκοι
1294 2815 1389 2889 καὶ
1433 2809 1467 2878 ἡ
1518 2810 1754 2885 κρεάγρα
1800 2815 1897 2868 καὶ
1944 2811 1980 2881 ἦ

112 2903 290 2960 θυεία
342 2906 439 2959 καὶ
485 2902 515 2957 ὁ
566 2902 782 2967 στελεὸς
828 2904 923 2958 καὶ
969 2904 1031 2957 αἱ
1080 2902 1301 2967 κοπίδες
1349 2900 1512 2968 καὶὴ
1549 2897 1779 2975 κυβηλις
1813 2903 1910 2956 καὶ
1943 2898 1980 2969 ἦ

109 2992 303 3066 χύτρα.
359 2997 452 3049 vl.
488 2992 688 3047 θυίαν.
741 2997 783 3048 Ρ
820 2992 1093 3049 θαννίαν.
1169 2997 1307 3048 Tum
1345 2990 1610 3058 παιδικὴν
1643 2994 1786 3046 haud
1823 2993 1982 3046 dubIe

118 3092 438 3153 corruptum.
515 3087 661 3136 Fort.
698 3083 805 3134 παῖ
837 3085 1198 3147 scribendum,
1246 3092 1304 3135 ut
1340 3084 1520 3134 vitium
1560 3083 1765 3135 nonnisi
1802 3083 1855 3134 in
1894 3077 1980 3131 δί-

35 3160 37 3195 ⁸
114 3188 219 3236 κην
253 3174 429 3235 lateat,
467 3187 560 3239 pro
601 3187 703 3237 quo
742 3174 913 3240 possis
952 3191 999 3224 e.
1035 3189 1079 3223 c.
1122 3167 1303 3233 λύκον,
1340 3187 1495 3237 quem
1532 3170 1584 3222 in
1621 3171 1979 3222 instrumentis

116 3261 382 3314 culinarii·
419 3267 673 3311 memorat
711 3261 914 3313 Pollux.
947 3294 1015 3301 —
1056 3260 1145 3313 Vs.
1184 3262 1218 3311 3
1257 3254 1478 3310 στελεόν
1513 3258 1974 3325 Schweighaeuse-

40 3335 41 3373 3
113 3363 205 3401 rus
241 3354 389 3400 reete
425 3349 800 3414 interpretatur
837 3349 904 3402 de
936 3349 1080 3417 ligno
1118 3365 1320 3401 massae
1354 3347 1650 3401 farinaceae
1687 3346 1975 3398 extenden-

114 3435 213 3489 dae
250 3441 304 3488 et
341 3435 641 3503 aequandae
676 3437 1016 3490 inserviente.
1091 3436 1390 3506 Stephanus
1427 3437 1541 3491 lnd.
1580 3435 1740 3488 Thes.
1762 3433 1901 3501 p.58
1937 3433 1972 3481 θ

189 3535 400 3580 Comoed.
432 3549 531 3579 nov.
1565 3523 1637 3570 30
