2202 3918
273 226 379 277 soa
593 291 598 294 ᾖ
1003 216 1382 268 ΜΕΝΑΝυιιι

415 364 595 414 Inesse
632 361 839 425 linguae
877 359 1064 408 veritas
1103 357 1279 422 lapsae
1317 357 1465 407 solet.

417 452 582 502 Deum
623 464 839 498 verere:
877 454 1059 498 cuncta
1097 446 1170 495 sic
1211 444 1372 494 facies
1411 447 1562 495 bene.
1611 423 1619 432 “

276 541 382 592 230
422 541 445 566 *
487 540 610 588 Post
649 539 800 586 deum
837 536 1027 586 habeas
1066 541 1308 599 parentes
1348 534 1578 599 proximo
1622 533 1754 582 loco.

420 627 545 676 Tria
582 642 766 691 magna
805 625 937 674 mala
976 608 1112 685 sunt,
1151 636 1362 687 aequor,
1401 623 1550 688 ignis,
1589 621 1795 676 femina.

422 717 443 741 *
486 714 727 763 Victurus
767 714 917 773 bene,
957 728 1022 761 ne
1060 716 1286 760 mentem
1327 727 1599 775 pravorum
1637 726 1806 775 geras.

421 801 767 868 Ingens-mali
805 802 1080 850 thesaurus
1120 806 1199 848 est
1239 800 1426 848 mulier
1463 799 1610 848 mala.

425 894 450 947 ἴ
491 892 625 959 Deus
667 894 746 939 est
783 890 871 954 qui
910 889 1036 938 nihil
1075 888 1282 960 admisit
1319 902 1551 950 unquam·
1583 885 1633 935 in
1673 902 1728 934 se
1768 884 1904 935 mali.

275 974 389 1031 ‘235
430 981 451 1006 ⁴¹
490 979 607 1028 Nou
650 983 729 1027 est
765 978 1040 1026 thesaurus
1081 977 1214 1035 ritae
1253 976 1350 1024 nisi
1387 976 1609 1039 negotia.

426 1069 568 1117 Bene
607 1066 779 1115 vivere
814 1082 993 1115 omnes
1033 1065 1284 1123 volumuS‚
1322 1068 1372 1111 at
1410 1079 1510 1112 non
1553 1077 1844 1127 possumus.

428 1155 560 1203 Rem
600 1152 755 1202 facile
792 1154 1022 1217 quamvis
1065 1153 1265 1217 peragit
1303 1151 1507 1198 adiutor
1547 1151 1693 1199 deus.

427 1243 631 1292 Numen
672 1246 911 1306 parentes
952 1241 1224 1289 maximum
1266 1238 1624 1303 prudentibus,

427 1332 448 1358 *
493 1329 645 1395 Vulgi
683 1329 1128 1405 tumultus-longe
1169 1326 1292 1392 fuge
1333 1331 1384 1374 et
1422 1327 1687 1375 insaniam.

283 1418 389 1469 240
427 1414 448 1438 ³
493 1417 683 1467 Melior
720 1415 962 1465 fortunae
999 1417 1201 1481 guttula
1241 1417 1363 1465 artis
1403 1430 1578 1464 urceo.

431 1508 454 1533 *
494 1506 696 1555 Donum
737 1504 963 1553 divinum
1002 1510 1083 1554 est
1119 1506 1254 1554 bona
1290 1520 1435 1553 mens
1472 1509 1524 1552 et
1563 1517 1734 1551 mores
1775 1500 1939 1566 probi.

429 1596 451 1620 *
495 1595 672 1659 Longe
711 1598 791 1642 est
828 1594 1072 1642 auxilium
1110 1594 1331 1643 numinis
1369 1594 1433 1643 ab
1470 1592 1743 1642 inertibus.

428 1682 598 1747 Supra
637 1682 790 1731 deum
829 1697 894 1731 ne
931 1682 1115 1747 sapito,
1153 1682 1384 1732 mortalis
1423 1687 1582 1732 satus.

434 1774 457 1798 ⁸
497 1772 552 1820 Si
591 1786 736 1819 mens
777 1777 856 1818 est
895 1771 1004 1830 tibi,
1045 1770 1185 1819 coles
1226 1774 1466 1834 potentes
1506 1769 1592 1833 qui
1631 1767 1781 1816 sient.

291 1860 395 1912 245
435 1861 457 1887 *
497 1859 552 1908 Si
591 1874 736 1907 mens
776 1865 853 1906 est
892 1858 1004 1918 tibi,
1041 1874 1108 1907 ne
1148 1857 1301 1907 cedas
1339 1857 1654 1906 iracundiae.

438 1949 460 1974 ⁴²
507 1947 705 1995 Pietate
743 1947 906 1994 maius
947 1946 1017 1994 nil
1057 1945 1279 1993 offertur
1316 1946 1532 1994 numini.

434 2036 702 2086 Obsistere
741 2041 820 2083 est
863 2033 1080 2082 difficile
1116 2032 1357 2082 fortunae
1396 2038 1448 2081 et
1492 2031 1608 2082 deo.

437 2125 574 2174 lnter
610 2122 751 2171 feras
789 2122 901 2171 sera
941 2122 1081 2171 nulla
1118 2121 1280 2171 ferior
1317 2122 1554 2170 muliere.

431 2214 603 2262 Homo
644 2216 793 2261 natus
831 2212 881 2260 id
923 2210 1060 2276 quod
1098 2212 1254 2260 instat
1291 2214 1348 2258 ut
1387 2209 1562 2259 videas
1601 2224 1712 2273 age.

292 2301 397 2353 250
436 2300 623 2351 Nullus
659 2301 837 2349 beatus
875 2300 1069 2364 absque
1106 2298 1317 2348 numine
1355 2304 1434 2347 est
1471 2297 1571 2347 dei.

437 2388 589 2438 Haud
627 2387 761 2438 ullus
798 2403 1022 2453 unquam
1062 2387 1281 2436 transilit
1318 2387 1520 2451 plagam
1561 2385 1662 2434 dei.

436 2480 458 2504 *
498 2479 541 2527 Δ
580 2483 854 2542 peccatore
889 2491 1006 2524 sese
1045 2490 1236 2523 numen
1276 2479 1537 2538 segregat.

379 2557 384 2560 ”
441 2566 602 2615 Deum
637 2564 803 2614 latere
840 2581 904 2614 ne
943 2570 1094 2629 putes
1133 2562 1271 2626 quod
1311 2563 1531 2626 peierat.

436 2654 541 2704 Res
579 2653 792 2718 pulchra
833 2659 884 2701 et
922 2653 1050 2701 iram
1090 2656 1143 2699 et
1181 2650 1517 2714 cupiditatem
1558 2648 1781 2696 vincere.

303 2742 407 2791 255
450 2743 655 2791 Crimen
696 2741 911 2790 deorum
953 2745 1031 2789 est
1066 2738 1287 2804 improbi
1325 2737 1566 2787 felicitas.

447 2831 675 2880 Consilia
714 2830 856 2890 dare,
894 2845 979 2878 res
1017 2842 1234 2894 prorsus
1272 2832 1324 2875 et
1366 2842 1486 2875 vere
1525 2842 1671 2875 sacra
1711 2832 1804 2873 est.

443 2918 683 2982 Quamvis
721 2919 961 2982 superior
999 2922 1155 2976 sorte,
1197 2916 1260 2963 da
1299 2922 1609 2979 te‚aequum
1649 2912 1902 2964 omnibus.

446 3006 695 3056 Oratione
734 3007 874 3054 nulla
912 3005 986 3055 vis
1023 3004 1301 3070 potentior.

448 3100 465 3121 *
509 3093 888 3157 Aequalitatem
928 3094 1060 3154 cole,
1101 3107 1270 3156 neque
1307 3091 1470 3140 ullum
1509 3090 1783 3155 deprimas.

305 3184 410 3233 260
451 3181 712 3231 Muliebre
749 3181 886 3230 telae
925 3189 1046 3230 sunt
1085 3196 1230 3245 opus,
1270 3196 1373 3229 non
1412 3180 1608 3242 concio.

448 3270 619 3334 lpsum
657 3285 913 3319 venenum
952 3275 1031 3318 est
1068 3269 1276 3334 aspidiS‚
1314 3268 1500 3318 mulier
1536 3268 1687 3318 mala.

448 3362 469 3387 *
510 3357 708 3410 Vicisse
745 3358 867 3406 satis
906 3363 986 3407 est
1021 3358 1157 3407 inter
1191 3358 1384 3407 liberos
1421 3357 1528 3406 tibi.
1616 3358 1622 3366 '

446 3446 586 3495 Tuas
624 3445 816 3496 amicus
855 3446 1010 3497 crede
1048 3447 1195 3497 amici
1233 3446 1483 3497 miserias.

2192 3719 2202 3918 ...ι-ηιμ*
2194 3653 2202 3709 .—.-‚.
2195 3615 2202 3638 A·
