2202 3918
241 175 342 223 los
491 142 494 146 ’
926 248 931 252 ¹
969 169 1352 221 MENANDM

726 346 1037 411 ,ΜΙΣΘ
1087 347 1595 402 YMENOE.

1075 491 1113 541 1.
1191 491 1257 542 ll.

367 603 576 654 „Primas
624 596 1008 648 laudatissimae
1044 596 1252 647 fabulae
1296 600 1470 662 partes
1507 596 1888 662 Thrasonidae,
1936 602 2086 651 militi

241 692 506 752 iactatori‚
553 687 751 737 delatas
789 684 953 735 fuisse
993 671 1146 734 docet
1184 683 1429 734 Libanius
1469 684 1611 735 Orat.
1650 686 1822 736 XXXI
1862 704 1911 752 p.
1950 690 2087 738 701:

165 823 179 827 -
239 773 373 844 ἔχεις
419 775 474 826 ἐκ
523 772 618 835 τῆς
663 768 952 842 κωμῳδίας
999 766 1366 842 παραλαβών,
1423 764 1494 830 ὥς
1549 766 1848 840 ὑπέρογκον
1903 790 1955 823 τι
1992 775 2085 823 καὶ

212 860 489 932 ,σοβαρὸν
523 861 617 911 καὶ
654 855 828 922 πολλή
869 877 951 919 τις
986 854 1278 923 ἀλαζονεία
1317 854 1658 927 στρατιώτης
1694 856 1852 932 ἀνήρ.
1925 860 1984 912 εἴ
2010 880 2089 923 τις

241 949 395 1021 ὑμῶν
443 945 777 1021 φαντάζεται
833 944 943 1017 τὸν
999 944 1332 1018 Μενάνδρου
1400 945 1789 1018 Θρασωνίδην,
1856 938 2006 1000 οἶδεν
2060 945 2097 1002 ὃ

240 1040 407 1106 λέγω·
459 1034 859 1108 στρατιωτικὴν
900 1031 1010 1107 -γάρ
1057 1052 1232 1104 φησιν
1279 1031 1485 1099 ἀηδίαν
1530 1036 1804 1102 νοσοῦντα
1850 1035 1947 1090 τὸν
1996 1034 2093 1090 ἄν-

242 1130 483 1199 θρωπον
534 1121 610 1189 εἷς
658 1123 975 1195 ἀπέχθειαν
1024 1121 1172 1196 αὐτῷ
1226 1122 1448 1188 κινῆσαι
1494 1122 1595 1189 τὴν
1641 1124 1939 1196 ἐρωμένην·
1997 1128 2092 1178 καὶ

242 1218 462 1285 γέγονεν
499 1210 687 1282 ἀμέλει
723 1210 1065 1285 προσηγορία
1105 1210 1181 1285 τῷ
1220 1208 1466 1282 δράματι
1502 1211 1601 1263 τοῦ
1632 1211 1994 1284 Θρασωνίδου
2031 1213 2092 1266 τὸ

238 1306 418 1375 μῖσος.
460 1307 640 1372 Itaque
661 1306 1016 1358 Thrasonides
1053 1304 1144 1354 ille
1180 1304 1356 1369 inepta
1394 1319 1454 1353 ac
1491 1304 1692 1365 stolida,
1728 1321 1827 1369 qua
1863 1305 2093 1356 facinora

241 1411 334 1447 sua
383 1411 578 1462 augere
626 1396 854 1456 solebat,
902 1394 1143 1443 iactantia
1198 1392 1503 1454 acerrimum
1554 1392 1650 1441 sibi
1689 1394 1895 1458 puellae
1943 1411 2095 1460 quam

243 1488 440 1533 amaret
477 1482 651 1533 odium
691 1487 982 1549 pepererat.
1033 1482 1171 1531 Hinc
1208 1480 1432 1535 fortasse
1472 1480 1704 1541 photius,
1750 1477 2088 1531 Σπαθᾶνε

244 1565 575 1636 Μένανδρος
613 1568 953 1639 ΒΙισουμένω
991 1564 1053 1617 τὸ
1091 1562 1548 1629 ἀλαζονεύεσθαι.
1636 1569 1717 1618 Ad
1752 1568 1931 1621 futiles
1968 1572 2096 1621 istas

240 1659 468 1709 hominis
518 1660 856 1725 gloriationes
902 1657 1130 1722 respexit
1180 1656 1445 1721 Plutarch.
1497 1672 1598 1706 non
1648 1671 1791 1707 suav,
1843 1659 1943 1708 vivi
1989 1675 2094 1710 sec.

243 1747 459 1813 Epicur.
498 1763 550 1811 p.
591 1746 731 1796 1095
753 1763 797 1796 c.
846 1747 935 1796 ubi
986 1745 1148 1794 habes
1204 1739 1568 1810 Θρασωνίδας
1617 1739 1768 1803 τινὰς
1813 1745 1906 1794 καὶ
1950 1741 2098 1813 Θρα-

243 1831 539 1893 συλέοντας
586 1828 924 1901 ὀλολυγμοὺς
962 1832 1057 1882 καὶ
1108 1830 1558 1901 κροτοθορύβους
1597 1830 1909 1893 ποιοῦντας.
1985 1836 2096 1886 Nec

246 1925 384 1975 male
422 1924 487 1976 ad
523 1924 657 1974 hanc
693 1922 900 1973 fabulae
942 1926 1140 1988 partem
1178 1923 1445 1973 rettuleris
1483 1924 1667 1974 incerti
1689 1928 1872 1989 poetae
1909 1922 2093 1989 fragm.

123 2069 136 2078 .
175 2012 178 2013 ⁷
247 2012 388 2079 apud
429 2011 595 2063 schol.
634 2013 885 2085 Hermog.
924 2026 976 2075 p.
1000 2010 1100 2058 391
1143 2010 1267 2074 (vol.
1301 2011 1358 2062 V
1385 2029 1434 2077 p.
1469 2010 1590 2061 485-
1612 2013 1841 2081 Walz.)
1852 2007 1959 2059 τῶν
1996 2027 2097 2060 κω-

246 2096 420 2167 μικιῦν
455 2114 589 2157 τις,
573 2097 694 2165 περὶ
735 2091 999 2159 ἀλαζόνος
1037 2090 1382 2163 στρατιώτου
1420 2093 1592 2166 φησί

386 2201 506 2253 Καὶ
545 2199 649 2271 γὰρ
685 2197 824 2270 μετὰ
863 2197 1064 2252 Κάλλα
1102 2200 1300 2268 γέγονα
1332 2204 1424 2254 καὶ
1461 2222 1562 2272 μετ
1625 2199 1922 2271 ’Λγαλλία,

387 2309 483 2358 καὶ
520 2307 658 2377 μετὰ
697 2301 951 2358 ΒῙενοὶτα
988 2307 1082 2357 καὶ
1117 2305 1257 2374 μετὰ
1295 2307 1574 2377 Περδίκκα
1611 2305 1793 2372 πάλιν,

389 2414 485 2464 καὶ
522 2409 588 2476 νή
628 2431 685 2480 γε
723 2410 806 2481 μά
844 2408 948 2463 Δία
987 2409 1174 2483 τρίτον
1210 2409 1328 2473 ἔτος
1365 2411 1503 2482 μετὰ
1545 2412 1807 2480 Κινησία.
1913 2488 1924 2498 N

251 2521 410 2572 Certe
446 2537 550 2572 non
590 2522 846 2580 dedecent
883 2521 1013 2572 haec
1034 2521 1412 2573 Thrasouidem
1452 2510 1703 2588 nostrum,
1742 2540 1961 2591 quorum
2002 2522 2097 2576 d'u-

250 2624 368 2659 cum
401 2610 639 2676 auspiciis
665 2610 918 2676 stipendia
943 2609 1130 2659 fecerit
1148 2613 1419 2677 magnifica
1443 2607 1660 2678 quadam
1689 2614 1930 2665 iactantia
1952 2630 2102 2664 enar-

250 2701 467 2768 rantem.
556 2699 660 2750 Sed
713 2699 845 2749 haec
890 2715 1014 2749 sane
1062 2700 1215 2750 etiam
1246 2697 1307 2750 'in
1347 2702 1444 2751 alia
1481 2702 1656 2754 fabula
1691 2705 1862 2753 locum
1901 2702 2097 2751 habere

253 2777 553 2852 potuerunt.
629 2788 837 2838 Certius
875 2792 954 2837 est
990 2788 1353 2853 gloriationum
1393 2790 1772 2841 aThrasonide
1802 2792 2102 2841 iactatarum

252 2875 558 2940 particulam
594 2890 828 2926 servasse
866 2876 1120 2926 scholium
1146 2875 1386 2927 AmbroS.
1414 2878 1478 2927 ad
1517 2862 1699 2945 Odyss.
1733 2871 1777 2945 ρ’
1799 2879 1932 2928 442:
1971 2875 2100 2927 πολ-

254 2956 382 3021 λοὺς
415 2949 559 3028 εἶχεν
595 2955 629 3022 ἡ
653 2956 879 3030 Κύπρος
910 2960 1170 3028 βασιλεῖς.
1210 2961 1268 3011 ἐν
1304 2959 1483 3035 ταύτῷ
1519 2981 1659 3034 φησι
1696 2963 1791 3016 καὶ
1827 2960 1857 3015 ὁ
1880 2963 2103 3016 Μέναν-

255 3045 383 3115 δρος
419 3047 478 3098 ἐν
515 3048 852 3119 ΙὶΙισουμένῳ
893 3045 966 3110 ὠς
1011 3049 1070 3100 ἐν
1106 3045 1420 3118 παραβάσει
1468 3050 1524 3102 ἐκ
1565 3047 1796 3120 Κύπρου
1840 3051 2103 3122 λαμπραῖς

254 3129 405 3186 πάνυ
440 3133 668 3206 λαμπρὰ
706 3135 976 3206 πράττων,
1013 3138 1124 3189 ἐκεῖ
1152 3135 1257 3208 γὰρ
1295 3134 1402 3190 ὑπό
1442 3134 1547 3190 τιν’
1572 3128 1642 3204 ἦν
1678 3141 1788 3192 τῶν
1807 3139 2098 3208 βασιλέων.

166 3284 170 3287 ‚
255 3225 338 3275 Ex
375 3239 478 3289 quo
515 3225 632 3275 loco
672 3226 934 3291 discimus,
972 3230 1194 3280 iactasse
1224 3229 1441 3281 militem
1478 3212 1529 3281 in
1545 3233 1717 3298 Cypro
1755 3248 1812 3283 se
1849 3231 2100 3282 meruisse

255 3302 541 3377 stipendia,
579 3315 719 3364 unde
758 3319 935 3368 auctus
974 3319 1159 3384 opibus
1196 3318 1428 3370 redierit.
1512 3320 1684 3372 Verba
1718 3311 1792 3377 ὥς
1826 3314 1884 3366 ἐν
1922 3334 2101 3387 παρα·
2182 3350 2189 3355 ›

255 3392 420 3462 βάσει
456 3416 558 3453 non
597 3401 862 3470 intellego.
937 3407 1125 3457 Cetera
1162 3407 1238 3473 sic
1277 3407 1614 3475 concipienda
1652 3408 1921 3479 videnturz
