2202 3918
262 187 369 238 360
995 184 1376 238 MENANDR!

265 326 373 380 685
409 321 559 378 Νίκα
593 322 837 398 λογισμῷ
874 321 974 388 τὴν
1012 321 1304 394 παροῦσαν
1339 318 1652 396 συμφοράν.

407 410 577 468 Ξένον
613 410 890 485 προτιμᾶν
924 408 1139 479 μᾶλλον
1173 407 1500 483 ἀνθρώποις
1537 410 1694 474 ἔθος.

411 500 587 578 Ὀργῇ
624 502 682 554 δὲ
720 496 907 572 φαύλῃ
947 495 1109 551 πόλλ’
1151 495 1329 552 ἔνεστ’
1372 495 1679 568 ἀσχήμονα.

416 588 612 653 Οὐδεὶς
647 584 981 655 έπλούτησεν
1016 585 1157 658 ταχὺ
1193 575 1405 649 δίκαιος
1438 582 1532 638 dlv.

419 676 594 732 Οὐδὲν
629 677 925 738 πέπονθας
962 675 1146 729 δεινὸν
1182 671 1252 728 ἂν
1289 674 1366 746 μὴ
1406 673 1706 747 προσποιῇ.

269 770 375 821 690
405 763 478 819 ‘O
515 762 652 838 παρ’
695 762 917 831 ἡλικίαν
953 765 1082 829 νοῦς
1117 765 1279 835 μῖσος
1315 760 1668 834 ἐξεργάζεται,

420 851 500 907 Οὐ
539 853 829 925 πανταχοῦ
867 853 900 906 δ
911 851 925 869 '
966 850 998 907 ὁ
1036 851 1307 925 φρόνιμος
1345 847 1638 924 ἁρμόττειν
1676 850 1839 907 δοκεῖ.

420 938 500 997 Οὐ
537 942 641 1014 γὰρ
679 945 847 1014 θέμις
884 942 979 1008 ζῆν
1017 941 1162 1009 πλὴν
1199 944 1356 1006 θεοῖς
1392 938 1522 994 ἄνευ
1557 940 1745 996 κακοῦ.

410 1028 678 1104 Ὀχληρὸς
715 1030 854 1104 ἀνήρ
892 1032 1043 1086 ἐστιν
1079 1032 1138 1085 ἐν
1175 1032 1317 1094 νέοις
1354 1031 1542 1101 γέρων.

403 1111 594 1174 ’Όπου
628 1123 879 1188 γυναῖκές
915 1116 1039 1186 εἰσι,
1080 1115 1255 1173 πάντ’
1295 1119 1408 1172 ἐκεῖ
1437 1114 1598 1173 κακά.

216 1275 232 1282 -
274 1209 381 1262 695
414 1203 582 1275 Ὀξὺς
616 1210 773 1263 θεῶν
813 1208 1119 1283 ὀφθαλμὸς
1156 1203 1231 1271 εἷς
1269 1205 1338 1259 τὰ
1375 1203 1563 1260 πάνθ’
1602 1202 1754 1277 ὁρᾶν.

426 1296 620 1368 Οὶζιιοι·
659 1297 723 1352 τὸ
761 1297 871 1373 γὰρ
908 1293 1072 1368 ἄφνω
1111 1297 1400 1367 δυστυχεῖν
1435 1293 1649 1365 μανίαν
1685 1296 1847 1351 ποιεῖ.

426 1382 539 1440 Οὐκ
577 1384 727 1441 ἔστιν
765 1381 919 1450 ὅστις
957 1381 1123 1440 πάντ’
1163 1381 1305 1456 ἀνὴρ
1341 1380 1678 1453 εὐδαιμονεῖ.
1752 1431 1753 1434 ,

417 1470 620 1542 Πάντη
658 1473 762 1548 γάρ
799 1476 917 1530 ἐστι
953 1470 1140 1528 πάντα
1178 1492 1234 1526 τε
1272 1474 1460 1542 βλέπει
1494 1469 1652 1537 θεός.

417 1563 659 1617 Πολλῶν
696 1563 902 1637 ἰατρῶν
937 1559 1151 1626 εἴσοδός
1189 1559 1252 1631 μ’
1296 1559 1595 1616 ἀπώλεσεν.

276 1656 385 1707 700
419 1652 638 1706 Πολλοὶ
675 1653 948 1723 γυναικῶν
985 1651 1351 1722 δυστυχοῦσιν
1386 1644 1585 1707 εἵνεκα.

421 1739 577 1812 Πρὸς
612 1742 737 1795 υἱὸν
774 1740 942 1814 ὀργὴν
979 1739 1076 1795 οὐκ
1113 1738 1227 1811 ἔχει
1248 1738 1487 1812 χρηστὸς
1523 1734 1725 1810 πατήρ.

423 1827 662 1904 Πλούτῳ
701 1828 991 1900 πεποιθώς
1027 1825 1194 1881 ἄδικα
1228 1826 1308 1899 μὴ
1346 1831 1512 1899 πειρῶ
1547 1830 1742 1883 ποιεῖν.

420 1906 924 1989 Πολυπραγμονεῖν
961 1914 1224 1988 ἀλλότρια
1261 1914 1338 1985 μὴ
1377 1915 1587 1984 βούλου
1623 1912 1781 1971 κακά.

422 2007 640 2060 Πολλοὶ
680 2004 885 2076 ’σχολὴν
921 2002 1155 2073 ἄγουσιν
1191 1999 1265 2067 εἷς
1304 2003 1375 2057 τοὶ
1409 2002 1651 2076 χείρονα.

283 2098 390 2151 7⁰5
425 2093 613 2148 Πολιά
643 2093 850 2167 χρόνου
885 2090 1137 2164 μήνυσις,
1176 2090 1242 2146 οὐ
1285 2090 1620 2166 φρονήσεως.

425 2185 745 2256 Προπέτεια
783 2184 1007 2247 πολλοῖς
1043 2183 1196 2236 ε’στιν
1235 2176 1391 2234 αἰτία
1428 2183 1626 2238 κακῶν.

425 2273 614 2344 Πειρῶ
649 2269 813 2343 τύχης
849 2268 1050 2324 ἄνοιαν
1085 2266 1309 2342 εὐχερῶς
1346 2271 1549 2343 φέρειν.

439 2362 652 2414 Πολλοὶ
688 2361 955 2432 τραπέζης
990 2355 1090 2413 οὐκ
1124 2356 1402 2424 ἀληθείας
1439 2357 1612 2430 φίλοι.

422 2445 642 2522 “Ρήτωρ
679 2447 918 2520 πονηρὸς
953 2449 1067 2510 τοῖς
1104 2444 1295 2518 νόμοις
1330 2444 1673 2518 λυμαίνεται.

285 2542 393 2594 710
423 2534 638 2607 “Ρίψας
672 2534 838 2606 λόγον
874 2556 957 2600 τις
992 2533 1091 2590 οὐκ
1125 2533 1436 2608 ἀναιρεῖται
1471 2532 1657 2589 πάλιν.

424 2624 638 2696 “Ρέγχει
675 2622 958 2697 παρούσης
995 2626 1091 2691 τῆς
1128 2622 1291 2696 τύχης
1323 2623 1395 2679 τὰ
1432 2620 1750 2697 πράγματα.

427 2715 666 2787 Στρέφει
701 2715 761 2767 δὲ
798 2710 982 2768 πάντα
1019 2710 1124 2769 τάν
1161 2712 1265 2787 βίῳ
1301 2711 1472 2785 μικροὶ
1510 2709 1664 2783 τύχη.

428 2804 641 2868 Στῦλος
677 2802 781 2875 γὰρ
817 2804 971 2857 οἴκου
1007 2802 1200 2866 παῖδές
1236 2796 1378 2856 εἰσιν
1412 2798 1648 2873 ἄρρενες.

432 2890 763 2961 Σύμβουλος
800 2891 1007 2955 ἐσθλὸς
1042 2889 1121 2962 μὴ
1159 2891 1324 2954 κακὸς
1359 2887 1551 2959 γίγνου
1587 2886 1790 2958 φίλοις.

292 2982 399 3036 715
435 2976 763 3051 Σύμβουλος
799 2979 932 3034 ἴσθι
967 2980 1076 3033 τῶν
1108 2976 1367 3049 ἀγαθῶν,
1404 2977 1482 3048 μὴ
1518 2977 1629 3032 τῶν
1666 2974 1863 3033 κακῶν.

446 3068 535 3141 Τῷ
572 3067 676 3141 γάρ
713 3069 891 3132 καλῶς
927 3065 1240 3139 πράσσοντι
1276 3067 1430 3121 πᾶσα
1467 3066 1537 3135 γῆ
1576 3064 1791 3138 πατρίς.

442 3153 658 3229 Τρόπος
689 3156 900 3222 δίκαιος
933 3158 1118 3228 κτῆμα
1155 3152 1508 3227 τιμιώτατον.
1718 3143 1721 3146 ’

442 3243 670 3318 Τυφλόν
708 3245 767 3299 δὲ
802 3248 898 3299 καὶ
936 3243 1212 3312 δύστηνον
1248 3241 1574 3317 ἀνθρώποις
1610 3240 1763 3314 τύχη.
1794 3242 1799 3246 ’

442 3332 528 3389 Τὰ
565 3332 625 3386 δ’
666 3329 866 3406 αἰσχρὰ
902 3335 1065 3407 κέρδη
1103 3331 1394 3407 συμφορὰς
1430 3331 1724 3406 ἐργάζεται.

293 3427 400 3480 72⁰
442 3421 555 3478 Τὸν
590 3421 783 3497 καιρὸν
819 3420 978 3495 εὔχου
1010 3421 1262 3481 πάντοθ’
1304 3418 1466 3479 ἵλεων
1502 3421 1657 3495 ἔχειν.
