2202 3918
291 226 396 277 740
988 219 1433 272 PIHLEMONIS
1531 222 1542 232 '

1145 362 1284 414 XXI.

294 454 513 520 Quoties
551 449 784 505 nostrum
823 450 1007 516 aliquis
1046 455 1189 502 extra
1225 455 1401 517 portas
1438 449 1681 516 prodiens

294 544 560 596 hominum
598 542 876 610 sepulchra
914 540 1096 602 cernit,
1134 556 1312 591 secum
1354 540 1576 606 cogitet:

294 649 447 685 nemo
485 649 588 684 non
626 632 813 683 horum
853 628 997 690 dixit,
1037 629 1315 680 Mercabor
1351 630 1499 690 mari,

209 750 212 754 ·
293 738 513 791 pangam
550 721 775 783 hortum,
813 717 1092 786 possidebo
1130 718 1383 769 munitum
1424 717 1574 768 bene.

1141 806 1307 858 XXII.

296 900 353 951 Si
389 901 595 952 noveris
632 900 790 951 homo
830 897 954 966 quid
991 897 1077 959 sit,
1113 901 1192 947 sat
1228 893 1355 945 felix
1395 894 1514 945 eris.

298 988 492 1038 interiit
528 989 739 1055 aliquis:
776 1005 842 1040 ne
877 987 944 1038 sit
981 984 1265 1037 cordolium
1304 983 1415 1034 tibi.
1516 997 1520 1004 ’

298 1077 430 1128 haec
468 1079 686 1144 peperit,
726 1078 857 1129 haec
894 1093 996 1128 non
1035 1073 1266 1141 peperit3
1306 1077 1385 1124 est
1422 1071 1554 1122 alius
1593 1071 1777 1133 miser3

300 1166 389 1216 hic
425 1167 605 1228 tussit3
642 1166 733 1216 ille
771 1165 969 1231 plorat:
1008 1164 1140 1213 haec
1175 1161 1280 1211 fert
1319 1162 1491 1211 omnia

298 1259 481 1306 natura
517 1269 724 1317 secum:
761 1258 816 1304 tu
852 1258 1051 1304 tantum
1091 1251 1233 1301 luctu
1272 1250 1489 1302 abstine.

1124 1339 1320 1390 XXlll.

301 1429 555 1482 Nimirum
597 1447 654 1482 es
694 1431 881 1482 homo:
920 1446 1018 1482 neo
1054 1427 1288 1479 invenire
1310 1422 1405 1480 est
1444 1429 1645 1497 uspiam

301 1519 435 1569 mala
474 1521 561 1586 qui
598 1537 702 1571 non
740 1521 806 1571 sit
843 1534 1091 1571 sensurus
1130 1523 1218 1568 aut
1255 1518 1357 1569 iam
1395 1520 1637 1570 senserit.

302 1614 354 1657 at
391 1609 478 1673 qui
519 1608 655 1673 quod
692 1608 798 1658 fert
834 1607 1045 1658 fortuna
1083 1623 1234 1673 quam
1273 1609 1540 1659 minimum
1578 1608 1721 1671 facit,

301 1702 596 1763 utrumque,
637 1703 689 1747 et
727 1695 847 1764 plu—'s
885 1699 1035 1763 sapit,
1074 1704 1126 1748 et
1166 1702 1245 1747 est
1282 1697 1607 1754 fortunatior.

891 1780 894 1783 “
1138 1786 1327 1838 XXIV.

303 1876 372 1926 At
409 1874 527 1940 quid
567 1874 644 1924 rei
683 1879 762 1924 est
800 1873 938 1939 quod
975 1874 1064 1926 ille
1103 1891 1186 1925 me
1222 1876 1387 1926 visum
1426 1876 1604 1942 cupit?

302 1980 384 2025 an,
419 1969 477 2013 ut
513 1964 749 2013 dolentes
785 1962 838 2012 in
875 1963 1269 2026 valetudinario,

304 2053 538 2119 apparuit
574 2067 731 2117 quum
770 2051 1020 2115 medicus,
1057 2053 1228 2103 subito
1267 2044 1535 2115 dedolen‘t,

307 2141 379 2191 ita
415 2141 661 2190 tristitate
700 2146 753 2189 et
791 2141 1161 2192 moestitudine
1199 2141 1397 2191 obsitus
1475 2172 1477 2174 >

307 2230 568 2280 cruciatur
604 2228 772 2279 minus
810 2229 1028 2280 amicum
1067 2236 1395 2296 praesentem
1434 2230 1680 2281 intuens?

1157 2318 1316 2370 XXV.

309 2407 489 2457 Oratio
528 2406 685 2457 animi
723 2406 871 2457 sedat
908 2407 1295 2473 aegrimoniam.

309 2500 367 2543 ut
403 2495 679 2561 splenium,
716 2495 759 2544 si
797 2500 942 2545 recte
977 2496 1215 2558 illinitur,
1253 2496 1520 2548 flammeos

310 2582 459 2632 sedat
494 2588 758 2645 tumores3
795 2583 975 2633 itidem
1013 2585 1178 2635 amica
1215 2585 1381 2635 oratio

310 2675 650 2737 attemperata
686 2671 874 2721 leniter
910 2673 1229 2738 praecordiis

310 2759 536 2810 restituit
571 2758 791 2811 animam
830 2759 1076 2814 afflictam
1115 2760 1503 2813 moestitudine.

1142 2850 1329 2903 xxvi.

312 2938 466 2987 Credi
505 2938 658 2989 deum
699 2939 920 3006 colique,
957 2955 1059 2990 non
1101 2940 1278 3005 quaeri
1315 2940 1494 2990 decet:

311 3043 427 3077 nam
465 3031 672 3092 praeter
707 3027 876 3094 ipsum
916 3044 1169 3094 quaerere
1205 3029 1442 3094 acquires
1481 3028 1638 3079 nihil:

312 3115 434 3180 quin
471 3116 606 3166 sitne
644 3132 810 3167 necne
847 3133 1002 3183 parce
1039 3118 1289 3169 scrutari:
1325 3119 1532 3168 interim

312 3219 513 3266 verere,
553 3210 793 3270 tanquam
831 3206 918 3270 qui
956 3206 1022 3256 sit
1058 3213 1214 3271 atque
1251 3207 1385 3256 adsit
1421 3207 1555 3260 tibi.⁴

1085 3287 1286 3347 XXVll
1324 3311 1371 3345 a.
1586 3358 1599 3368 ·

310 3378 392 3428 Tu
429 3395 552 3430 vero
592 3380 715 3446 quid
748 3381 828 3442 sit,
869 3383 995 3433 mihi
1033 3384 1130 3446 dic,
1167 3384 1330 3434 libere
1368 3384 1536 3449 loqui!

306 3465 445 3533 loqui
482 3469 591 3519 tun'
627 3470 788 3520 audes
824 3471 963 3524 inter
996 3473 1248 3532 homineS,
1287 3489 1347 3523 ac
1383 3473 1427 3521 si
1463 3473 1621 3524 homo
