2202 3918
965 130 1174 183 BATo.

659 260 1220 330 ΣΥΝΕΞΑΙΙΛ
1248 265 1461 324 ΤΩΝ.

132 379 421 456 Corrupisti
458 375 845 428 adolescentem
883 375 1214 442 commissum
1252 375 1363 437 tibi,

128 470 369 530 sceleste,
405 473 458 518 et
494 468 650 518 vitam
688 464 876 516 sectari
914 464 1135 516 alienam
1175 463 1275 514 sibi

26 615 27 622 ,
125 560 399 628 persuasti.
473 572 569 623 per
604 562 659 606 te
696 561 775 606 est
812 554 953 620 quod
990 554 1093 604 iam
1130 557 1276 618 pota-t
1310 550 1376 602 de
1414 552 1518 615 die,

125 665 157 699 a
192 665 344 699 mane
380 660 599 706 summo,
635 660 740 696 uon
776 643 831 695 id
867 642 1053 698 solitus
1089 639 1353 693 antidhac.

125 738 188 788 B.
226 735 360 788 Eou’
394 750 479 786 me
516 734 714 800 culpas,
749 733 900 795 here,
936 730 1075 798 quod
1113 728 1297 781 didicit
1334 726 1547 782 vivere?

124 841 363 891 namque,
400 830 459 874 ut
494 823 756 890 sapientes
793 823 957 884 aiunt,
991 819 1133 875 istud
1172 819 1348 870 vivero
1386 822 1483 868 est.

121 914 382 980 Epicurus
416 926 671 963 summum
706 911 916 976 generis
951 908 1167 964 humani
1208 908 1402 957 bonum

121 1002 442 1067 voluptatem
480 1014 601 1049 esse
637 998 831 1048 docuit.
903 997 1039 1048 hanc
1075 995 1305 1061 apiscier

118 1089 328 1140 aliunde
364 1104 467 1139 nou
506 1090 611 1136 est:
651 1099 874 1151 namque
911 1085 1000 1149 qui
1038 1084 1215 1135 vivunt
1253 1083 1390 1133 bene
1468 1081 1474 1084 ”

118 1176 175 1228 hi
211 1182 358 1227 recte
394 1176 587 1226 vivunt.
659 1189 833 1224 noune
869 1172 923 1223 id
960 1172 1219 1224 concedes
1256 1170 1419 1220 mihi?

120 1268 183 1319 Δ.
221 1265 478 1319 Vidistine
515 1263 673 1331 igitur
709 1268 766 1312 tu
803 1260 1174 1328 philosophum
1214 1258 1509 1325 quempiam

119 1355 354 1406 vinosum
391 1361 546 1420 atque
581 1351 694 1402 istis
730 1367 790 1401 se
827 1350 1173 1402 oblectantem
1212 1348 1481 1400 moribus?

116 1444 179 1495 Β.
218 1443 353 1510 Quin
389 1440 559 1493 cuncti
594 1439 819 1490 adducto
856 1439 946 1506 qui
986 1438 1269 1505 supercilio
1309 1438 1594 1500 ambulant,

116 1533 307 1599 quique
339 1532 392 1596 iu
429 1529 715 1596 porticibus
751 1528 911 1594 inque
947 1528 1304 1580 conciliabulis

114 1621 398 1688 sapientem
435 1623 706 1683 quaerunt,
743 1617 898 1683 piane
937 1624 1179 1682 tanquam
1212 1616 1495 1684 aufugerit,

111 1708 216 1771 mc,
251 1707 296 1758 si
332 1705 621 1773 glauciscus
657 1705 782 1771 ipsis
819 1706 1088 1772 appositus
1125 1705 1247 1767 fuit,

110 1812 213 1863 qua
246 1801 394 1862 parte
431 1795 498 1845 sit
535 1793 836 1855 sumendus,
873 1799 1067 1845 norunt
1102 1793 1427 1854 memoriter,

111 1890 167 1935 et
201 1889 356 1949 caput
390 1883 684 1948 anquirunt,
724 1889 967 1948 tanquam
1005 1883 1055 1934 iu
1095 1881 1470 1942 controversia,

13 2014 16 2019 .
111 1973 183 2026 ita
217 1978 275 2024 ut
309 1971 676 2039 obstupescant
711 1971 814 2024 alii.

645 2209 741 2264 Ex
781 2210 1094 2265 thERTA
1134 2212 1434 2265 FABULA.

1017 2319 1056 2370 Ι.

110 2408 242 2460 Cum
278 2406 380 2457 vita
415 2406 469 2457 in
507 2405 778 2460 homiuum
814 2409 971 2475 vulgo
1009 2414 1285 2461 occurrant
1320 2409 1543 2477 plurima

109 2495 291 2563 quibus
328 2497 581 2546 excitatur
618 2497 783 2548 libera
817 2497 1122 2565 indignatio,

109 2594 219 2636 tum
254 2584 384 2636 mihi
419 2585 579 2637 bilem
614 2586 691 2636 illi
729 2593 850 2637 ante
888 2587 1016 2638 alios
1055 2587 1336 2654 praecipue
1374 2593 1600 2649 movent,

109 2674 330 2743 flagrare
366 2690 544 2725 amore
582 2690 785 2727 motum
823 2678 913 2742 qui
949 2693 1009 2729 se
1046 2677 1302 2738 dictitant,

110 2767 166 2814 et
198 2763 274 2814 sic
310 2762 475 2815 latere
510 2771 739 2830 sperant,
778 2764 900 2816 dum
938 2764 1078 2831 quod
1115 2764 1347 2817 sentiunt

106 2851 324 2919 pingunt
359 2852 538 2904 colore
574 2868 704 2904 vano
743 2853 1087 2906 falsimoniae.

111 2938 248 3005 quod
283 2954 503 3007 namque
540 2958 712 2994 mores
750 2943 951 3006 attinet,
990 2944 1193 2995 iuvenis
1228 2943 1358 3004 seni,

113 3025 195 3079 vei
230 3025 388 3081 laevis
421 3028 577 3097 hirto,
615 3050 711 3103 pet·
750 3034 946 3095 lovem,
983 3033 1107 3099 qnid
1144 3034 1402 3085 interest?

1884 139 1997 211 8³⁹,
