2202 3918
280 241 384 292 484
882 248 884 251 ’
1038 236 1384 290 LYNCEUS.

421 379 723 433 Athenaeus
761 379 832 432 lv
867 394 921 443 p.
960 375 1136 426 131f:
1177 374 1418 445 Λυγκεὺς
1465 372 1522 428 δ’
1563 375 1622 428 ἐν
1661 371 1959 448 Κενταύρῳ
1994 375 2121 428 δια-

280 461 488 530 παίζων
542 461 612 517 τὰ
667 459 863 515 ἆττικά
918 457 1113 513 δεῖπνά
1178 481 1320 531 φησι
1375 460 1615 535 Μάγειρ’
1677 453 1706 517 ὁ
1774 460 1939 517 θ’ὑων
2005 463 2119 516 κτλ..

281 557 374 610 Vs.
410 557 442 607 1
481 555 637 623 vulgo
675 550 827 603 ἐστὶν
862 544 910 600 ὁ.
980 580 1051 588 --
1125 554 1217 606 vs.
1255 554 1290 603 4
1326 558 1380 604 et
1413 553 1450 603 5
1489 571 1826 620 personarum
1862 556 2002 607 vices
2039 555 2131 606 de-

280 643 468 712 scripsi
503 649 561 695 ut
596 641 816 709 praeivit
852 640 1122 694 Dobraeus
1158 641 1290 695 Adv.
1326 641 1373 691 ΙΙ
1412 657 1463 708 p.
1503 640 1624 694 305.
1710 642 1828 692 Hoc
1878 644 2014 694 enim
2053 643 2132 693 di-

280 733 381 784 cit:
420 738 481 783 tn
517 747 638 781 vero
658 731 882 792 Atticis,
923 745 1138 797 quoram
1172 746 1374 780 summa
1413 734 1494 779 est
1530 730 1590 778 in
1626 729 1854 779 moribus
1890 731 2132 797 omnique

277 823 394 871 vita
433 820 769 870 concinnitas
805 823 860 869 et
895 816 1205 885 elegantia,
1245 810 1454 880 ἀηδίαν
1491 817 1724 867 obiicis?
1761 817 1959 882 Quibus
1998 819 2130 868 alter

276 907 590 973 respondet:
626 923 784 969 sane,
820 922 925 956 non
961 908 1135 957 minus
1174 924 1329 975 qaam
1353 906 1668 975 peregrinis,
1708 905 1894 970 quibus
1926 906 2128 956 scilicet

276 995 434 1048 Attici
494 994 609 1045 fere
669 988 872 1056 ἀηδίας
938 994 1133 1046 crimen
1196 995 1551 1046 intendebant.
1647 993 1739 1044 cfr
1788 992 2128 1060 Posidippum

275 1083 485 1152 Fragm.
507 1083 608 1133 inc.
628 1083 717 1133 ubi
739 1082 1029 1133 Thessalus
1049 1083 1206 1134 homo
1227 1085 1289 1134 ab
1313 1085 1482 1135 Attico
1510 1086 1723 1150 propter
1759 1083 2011 1132 sermonis
2047 1082 2126 1133 in-

276 1172 675 1223 concinnitatem
701 1168 914 1225 notatus'
934 1169 1084 1221 dicit:
1122 1167 1223 1234 τὴν
1247 1165 1611 1239 εὐτραπελίαν
1632 1163 1710 1231 εἰς
1736 1163 1942 1231 ἀηδίαν
1959 1162 2124 1234 ἄγεις.

273 1289 343 1301 ·-
381 1259 472 1312 Ve.
509 1259 544 1310 5
582 1254 887 1326 παρέθηκε,
925 1259 1036 1309 scil.
1076 1261 1281 1311 Atticus
1322 1261 1497 1311 homo.
1537 1287 1607 1296 ·-—
1644 1259 1785 1313 Veli
1820 1254 1878 1306 ἐν
1910 1246 1969 1307 οἶ
2000 1259 2126 1310 Din-
2198 1300 2202 1339 ἰ

273 1346 487 1399 dorfiuS.
561 1347 832 1398 Dobraeus
868 1339 1000 1399 ἄνω.
1090 1348 1235 1400 Libri
1271 1345 1328 1398 ἐν
1365 1336 1424 1400 ὧ.
1479 1380 1548 1390 --
1598 1348 1688 1402 Vs.
1726 1348 1760 1397 9
1815 1339 2122 1396 ἀντακαίου

270 1429 483 1504 μικρόν,
511 1434 809 1503 paullulum
848 1439 1103 1488 antacaei
1141 1438 1470 1490 salsamenti.
1545 1437 1623 1488 lta
1657 1435 2121 1503 Schweighaeuse-

270 1526 377 1575 τας.
451 1524 669 1575 Frustra
707 1523 1079 1578 Valckenarius
1126 1527 1192 1578 ad
1236 1527 1435 1579 Herod.
1475 1527 1547 1580 lv
1584 1526 1656 1577 53
1689 1517 2008 1575 αντακαῖον.
2051 1555 2120 1565 --

270 1612 361 1664 Vs,
401 1612 465 1662 11
506 1611 1034 1680 Schweighaeuserus
1088 1622 1141 1666 et
1182 1617 1445 1667 Porsonus
1495 1611 1555 1664 δέ
1591 1606 1645 1679 y'
1685 1608 1723 1663 ὠ
1768 1630 1862 1682 pro
1901 1605 1960 1662 δ’
1999 1605 2118 1677 ἐγώ.

273 1701 410 1752 Tum
449 1697 695 1765 βέλτιστε
733 1694 801 1750 σὺ
837 1697 1049 1751 κάκεῖνο
1088 1703 1631 1771 SchweighaeuseruS.
1687 1703 1831 1753 Libri
1869 1698 2121 1767 βέλτιστο
2187 1716 2190 1746 ;

270 1786 583 1856 συγκαμεῖν.
661 1789 924 1841 Porsonus
961 1791 1094 1844 Adv.
1131 1809 1183 1859 p.
1210 1793 1316 1843 294
1350 1793 1583 1843 tentabat
1620 1788 1867 1857 βέλτιστε
1903 1783 1988 1853 σύ,
2025 1789 2120 1841 καὶ
2188 1796 2199 1877 [1

271 1871 435 1925 τοῦτο
471 1870 714 1938 κάπτειν,
749 1869 898 1928 ἀλλ’.
953 1907 1024 1918 —-
1062 1880 1152 1932 Va.
1195 1881 1263 1931 12
1299 1873 1429 1930 ἀλλ’
1470 1912 1538 1921 —
1576 1874 1679 1946 ἔχω
1715 1879 1888 1931 attulit
1924 1882 2114 1932 Eusta—
2184 1889 2202 1950 'f

270 1964 411 2014 thius
449 1982 498 2029 p.
535 1965 637 2013 261
678 1969 808 2016 extr.
844 1965 1105 2018 indicante
1141 1968 1429 2019 Dindorfio.
1468 1998 1536 2008 —
1574 1969 1769 2022 Vs.14
1805 1963 1904 2017 οὐν
1941 1984 2115 2021 acces·
2191 1984 2197 1994 ‘

270 2051 335 2103 ait
371 2068 432 2102 ex
471 2052 530 2104 C.
569 2081 639 2092 --
678 2051 765 2103 Vs.
807 2051 876 2101 15
912 2053 1031 2104 libri
1070 2049 1266 2107 οὐθέν.
1303 2088 1373 2096 -
1413 2055 1497 2108 Vs
1540 2055 1607 2106 17
1645 2056 1822 2109 nescio
1859 2073 1923 2109 an
1961 2074 2113 2125 prae·
2141 2044 2151 2051 ’
2184 2064 2187 2099 ἰ

269 2142 396 2191 stet:
434 2134 487 2188 τί
525 2122 654 2201 οὗνς
688 2132 821 2205 ἔχεις
858 2134 1108 2210 ὅστρειας
1152 2140 1218 2196 Β.
1256 2134 1451 2196 πολλά.
1506 2174 1576 2184 --
1630 2144 1720 2198 Vs
1758 2145 1829 2197 20
1863 2140 1968 2217 γὰρ
2004 2147 2111 2202 vL
2179 2153 2189 2198 g

269 2220 328 2275 δ’
369 2226 522 2280 ABP.
596 2223 727 2280 lbid.
765 2229 885 2282 libri
922 2225 1058 2281 ὀκτω
1100 2226 1332 2301 ὀβολῶν.
