2202 3918
235 170 304 219 16
927 165 1373 220 PHILEMONIS

233 308 484 378 γέρανος)
533 308 672 375 ‘1¹¹⁰d
709 308 931 375 Primum
968 307 1020 356 5¹¹
1059 302 1484 373 ‘cpvyoye'pavoffi
1521 316 1631 364 tum
1666 313 1720 365 in
1758 309 2085 380 τρυγέρανος

233 399 494 449 concisum
521 402 613 448 est.
654 397 860 448 Similes
886 395 1163 444 verborum
1200 392 1393 445 formas
1432 399 1550 449 vide
1586 401 1726 466 apud
1766 402 2085 453 Lobeckium

232 488 296 538 ad
337 487 529 552 Phryn.
569 503 618 550 p.
658 485 778 533 669.
866 482 923 531 Si
969 485 1115 530 reete
1164 481 1395 546 conieci,
1443 486 1580 551 apud
1616 489 1937 555 Hesychium
1987 505 2083 557 pro

230 567 487 642 φάσματι
524 572 746 623 fortasse
783 567 1112 644 scribendflm
1152 561 1354 639 φάττῃ.

753 779 811 832 Ν
846 779 900 831 Ε
931 779 1000 832 Μ
1043 777 1089 831 0
1127 779 1194 833 M
1231 779 1287 831 E
1318 778 1384 830 N
1420 776 1465 830 0
1501 779 1550 835 1.

471 883 617 940 Ἀπὸ
660 880 939 956 στόματος
976 878 1213 950 ἅπαντ’,
1250 881 1349 937 ἐὰν
1385 880 1698 955 βούλησθ’,
1733 886 1886 960 ἐρῶ..

367 997 553 1048 Suidas
590 1012 632 1047 ε.
652 1011 699 1049 v.
741 987 851 1045 ἀπὸ
889 987 1184 1061 στόματος.
1248 987 1517 1060 Φιλήμων
1552 994 1898 1065 Νεμομὲνοις
1927 993 2082 1052 Ἀπὸ

227 1080 506 1154 στόματος
541 1082 656 1137 κτλ.
731 1079 930 1138 Eadem
966 1084 1126 1135 habet
1164 1085 1289 1135 Lex.
1327 1082 1543 1152 Seguer.
1580 1101 1633 1152 p.
1669 1087 1792 1141 436.

866 1290 1435 1347 ΝΟΘΟΣ.

1125 1402 1170 1453 Ι.

362 1509 668 1565 Eustathius
716 1508 782 1559 ad
829 1508 986 1560 Hom.
1032 1525 1084 1574 p.
1122 1508 1229 1558 880
1274 1507 1371 1558 3⁰:
1426 1503 1624 1567 Αἴλιος
1675 1503 1735 1556 δὲ
1788 1498 2076 1567 Διονύσιος

220 1598 361 1669 λέγει
397 1590 484 1650 ὅτι
527 1591 798 1664 Φιλήμων
833 1590 1165 1646 ἐπισκώπτει
1218 1590 1283 1644 τὸ
1322 1588 1501 1661 ὄνομα
1539 1589 1790 1661 (βουνὸς)
1826 1588 1899 1655 ὥς
1934 1589 2076 1664 βάρ-

221 1690 425 1761 βαρον·
465 1681 643 1756 λόφον
678 1678 783 1754 γάρ
820 1681 1104 1738 καλοῦσιν.
1152 1681 1323 1751 ἕτεροι
1360 1681 1419 1734 δὲ
1455 1674 1542 1735 ὅτι
1579 1679 1782 1751 βουνὸν
1806 1677 2076 1752 Φιλήμων

217 1778 277 1831 ἐν
313 1774 497 1848 Νόθῳ
532 1770 604 1837 ὠς
641 1769 889 1837 σύνηθες
926 1770 1192 1836 τίθησιν,
1244 1765 1454 1823 ἄλλοθι
1506 1769 1563 1823 δὲ
1600 1767 1674 1834 ὠς
1710 1768 1920 1838 ξενικὸν
1955 1771 2073 1824 ἐπι-

218 1863 473 1922 σκώπτει.
546 1866 682 1920 Vide
719 1866 928 1932 Fragm.
969 1863 1069 1914 inc.
1109 1861 1334 1915 xxxlv
1371 1878 1418 1914 a.

1116 1969 1183 2019 ΙΙ.

365 2061 711 2115 Antiatticista
750 2076 800 2125 p.
826 2059 961 2109 112:
999 2053 1311 2126 Havotxiqc‚
1340 2048 1468 2112 ἀντὶ
1504 2050 1604 2103 τοῦ
1641 2051 1882 2106 πανοικὶ.
1959 2052 2070 2108 Φι-

217 2144 409 2219 λήμων
443 2142 647 2218 Νόθῳ.
723 2147 860 2201 Vide
898 2147 1218 2198 Lobeckium
1257 2145 1321 2197 ad
1362 2143 1554 2212 Phryn.
1595 2160 1646 2210 p.
1683 2143 1789 2195 514
1826 2160 1903 2211 sq.

992 2355 1048 2405 Ν
1131 2354 1179 2406 Y
1244 2346 1301 2409 Ξ.

468 2461 546 2515 Τὸ
584 2460 790 2515 κανοῦν
825 2458 856 2514 ὁ
892 2463 1023 2523 παῖς
1059 2458 1293 2532 περίεισι
1330 2455 1609 2525 τηνάλλως
1646 2459 1798 2532 ἔχων.

353 2571 572 2625 Photius
613 2579 665 2623 et
702 2572 886 2623 Suidas
926 2588 968 2622 s,
1006 2588 1054 2622 v,
1091 2564 1398 2634 τηνάλλως,
1449 2563 1651 2637 μάτην.
1699 2605 1770 2613 --
1818 2565 1848 2622 ὁ
1890 2567 2066 2635 Φιλή-

206 2674 329 2727 μων
352 2654 532 2709 Nunti
576 2656 653 2710 Τὸ
690 2658 896 2710 κανοῦν
932 2657 1045 2710 κτλ.
1084 2692 1154 2701 -
1194 2661 1476 2712 Praeterea
1511 2662 1666 2712 huius
1703 2661 1912 2712 fabulae
1949 2678 2058 2714 me-

208 2751 374 2800 moria
412 2751 539 2800 latet
572 2749 795 2801 fortasse
841 2750 892 2800 in
943 2754 1185 2815 corrupta
1234 2750 1404 2817 glossa
1441 2749 1721 2816 Hesychii‚
1769 2743 2059 2814 Νησίγδαε

207 2835 266 2888 ἐν
302 2834 473 2890 νυκτί.
512 2831 852 2888 ἀποδιδόασι
887 2831 1251 2905 μασημάτιον
1288 2831 1469 2887 ποιόν.
1508 2837 1759 2888 Indicavit
1796 2838 2063 2892 Dobraeus

208 2927 339 2980 Adv.
380 2928 428 2978 11
463 2945 514 2995 p.
551 2927 674 2978 581.

667 3091 1611 3146 ΙΙΑΓΚΡΛΤΙΑΣΤΗΣ.

1112 3202 1152 3251 l.

420 3299 650 3357 Καῦτόν
687 3321 741 3355 τι
779 3301 1057 3372 πράττειν,
1093 3300 1158 3354 οὐ
1192 3298 1368 3372 μόνον
1406 3299 1503 3365 τὰς
1538 3302 1767 3368 ἐλπίδας

413 3410 502 3463 ἐπὶ
536 3409 604 3484 τῇ
637 3405 771 3482 τύχῃ
803 3406 925 3480 χρή,
963 3409 1208 3474 παιδίον,
1245 3404 1462 3472 πάντως
1500 3407 1641 3480 ἔχειν
