2202 3918
482 206 878 262 ΛΗΜΝιΑι.
952 195 1427 262 ΜΑΙΝΟΜΕΝ
1436 210 1548 266 οΣ.
1836 191 1965 276 4014

89 352 359 404 verniliter
405 349 543 401 dictu
595 357 718 402 sunt
761 356 816 402 et
865 367 981 403 cum
1034 353 1276 405 irrisione
1325 354 1544 419 quadam
1596 372 1806 424 eorum,
1852 362 1941 429 qui

88 432 302 502 ξύστιν,
339 438 479 504 quod
517 437 671 506 vulgo
712 440 1006 494 vestimenti
1043 457 1209 511 genus
1248 446 1389 505 erat,
1428 441 1493 493 de
1530 435 1765 516 ξύστρᾳ,
1811 453 1939 502 stri·
2031 476 2034 479 ·

84 528 206 596 gs‘ls‘,
243 532 568 595 usurparent.

601 766 1418 821 AHMNIAJ.

373 895 544 957 Οὗτοι
584 902 1031 969 δεδειπνήκασιν·
1070 903 1100 958 6
1138 905 1197 958 δὲ
1235 902 1406 970 τάλας
1442 904 1543 976 ἐγώ

362 1009 614 1080 κεστρεύς
650 1005 724 1064 ἰῖν
757 1011 877 1077 εἴην
914 1012 1068 1065 ἕνεκα
1106 1011 1364 1077 νηστείας
1402 1009 1589 1085 ἄκρας.

219 1127 521 1180 Athenaeus
570 1130 663 1182 vn
723 1148 773 1196 p.
811 1130 918 1181 307
940 1130 989 1180 f:
1051 1121 1284 1195 Δίᾳιλός
1332 1145 1508 1196 φησιν
1553 1126 1613 1179 ἐν
1654 1123 1938 1196 Λημνίαις

89 1201 258 1265 Οὗτοι
298 1210 720 1279 δεδειπνήκασιν
752 1215 865 1270 κτλ.
941 1219 1081 1270 Hinc
1116 1218 1334 1283 sumpsit
1371 1218 1678 1270 Eustathius
1714 1236 1767 1286 p.
1793 1220 1934 1271 1173

75 1303 129 1355 5.
205 1305 299 1355 Csr
337 1305 641 1358 Athenaeus
680 1307 749 1359 lv
789 1323 840 1373 p.
882 1307 1068 1356 1681„
1117 1300 1215 1368 ἐγώ
1258 1299 1318 1354 δ’
1361 1299 1391 1355 6
1430 1300 1617 1370 τάλας,
1654 1302 1796 1358 κατὰ
1833 1302 1934 1358 τὸν

73 1389 497 1462 κωμῳδιοποιὸν
531 1390 783 1463 Δίιμλον,
819 1391 1069 1461 κεστρεύς
1105 1386 1176 1443 ἂν
1211 1390 1331 1457 εἴην
1367 1392 1480 1446 κτλ.

561 1669 1452 1727 ΜΑΙΝΟΜΕΝΟΣ.

328 1813 451 1867 Καὶ
489 1790 717 1884 προσέτι
755 1811 945 1867 τοίνυν
979 1806 1241 1886 ἐσχάραν,
1271 1811 1480 1878 κλίνην,
1516 1808 1706 1879 κάδον,

325 1915 649 1991 στρώματα,
685 1918 930 1988 σίγυνον,
968 1915 1313 1991 άσκοπήραν,
1351 1914 1625 1985 θύλακον,

321 2019 463 2080 ὥστ’
503 2023 571 2078 οὐ
608 2022 954 2097 στρατιώτην
989 2023 1061 2078 ἄν
1097 2045 1179 2088 τις
1214 2024 1357 2078 ἀλλὰ
1393 2026 1490 2079 καὶ
1525 2021 1724 2081 κύκλον

325 2130 385 2185 ἐκ
419 2133 518 2195 τῆς
553 2128 755 2201 ἀγορᾶς
788 2127 975 2202 ὀρθὸν
1012 2129 1258 2200 βαδίζειν
1293 2126 1586 2200 ὑπολάβοι.

328 2233 598 2299 τοσοῦτός
630 2233 774 2291 ἐσθ’
812 2234 843 2290 6
879 2237 1061 2313 ῥῶπος
1098 2233 1165 2290 ὃν
1202 2235 1272 2290 σύ
1310 2237 1633 2309 περιᾳέρεις.

218 2367 405 2420 Pollux
442 2366 490 2420 Χ
530 2367 630 2418 182
671 2360 768 2417 ἵνα
804 2360 859 2416 δ’
881 2362 1248 2435 ἐπιπράσκετο
1286 2363 1355 2417 τὰ
1393 2360 1557 2429 σκεύη
1591 2361 1688 2427 ’τῆς
1725 2357 1932 2433 ἀγοράς

70 2448 136 2506 τὸ
169 2452 334 2523 μέρος
370 2453 535 2507 τοῦτο
571 2449 758 2507 κύκλοι
799 2449 1180 2523 ὠνομάζοντο,
1233 2450 1306 2516 ὠς
1340 2448 1568 2518 ”Λλεξις
1615 2447 1933 2516 ὑποδηλοῦν

70 2538 244 2595 ἔοικεν
282 2574 351 2585 —
390 2543 738 2614 σαφέστερον
777 2541 834 2594 δὲ
872 2542 931 2594 ἐν
950 2543 1292 2614 Μαινομένῳ
1329 2539 1561 2613 Δίφιλος
1597 2541 1718 2593 Καὶ
1751 2557 1931 2610 προσ-

10 2640 13 2647 ”
68 2629 153 2684 ἐτι
185 2628 302 2683 κτλ.
376 2633 468 2687 Vs.
501 2635 530 2684 1
572 2650 667 2701 pro
705 2627 894 2683 τοίνυν
930 2635 1138 2702 scripsit
1174 2634 1399 2686 fortasse
1434 2627 1623 2695 τύλην,
1660 2632 1929 2683 culcitam.

71 2721 210 2775 Tum
245 2715 440 2783 κλίνην
475 2721 909 2774 Hemsterhusius
947 2739 1043 2789 pro
1079 2721 1174 2772 καὶ
1211 2718 1328 2774 νῦν.
1378 2751 1442 2760 —-
1499 2723 1591 2775 Vs.
1630 2722 1665 2772 2
1702 2714 1930 2785 σίγυνον

69 2808 343 2862 Bentleius
389 2810 556 2878 Epist.
605 2810 671 2861 sd
707 2811 913 2875 Hemst.
952 2827 1004 2877 p.
1042 2812 1128 2862 92.
1203 2811 1347 2862 Libri
1395 2802 1581 2860 συνόν.
1659 2808 1929 2861 Hanovius

70 2897 260 2949 Exere.
299 2897 416 2949 crit.
457 2897 480 2947 1
519 2915 567 2964 p.
603 2898 674 2948 47
710 2890 965 2963 λάγυνον,
1041 2927 1111 2937 -
1171 2898 1259 2949 Vs.
1300 2899 1335 2948 3
1369 2887 1505 2948 ὥστ’
1546 2889 1611 2947 οὗ
1651 2912 1746 2962 pro
1786 2895 1927 2947 edito

70 2974 146 3045 ὥς
181 2999 291 3035 που
329 2985 594 3036 Porsonus
631 2986 849 3038 Advers.
888 3003 940 3052 p.
978 2985 1100 3037 252.
1141 2992 1194 3038 et
1231 2987 1331 3037 iam
1369 2991 1489 3038 ante
1528 2986 1837 3046 Porsonum,
1873 2982 1929 3034 ni

73 3070 213 3125 fallit
248 3074 515 3135 memoris,
554 3073 834 3125 Piersonus
870 3074 935 3125 sd
973 3075 1197 3126 Moerin.
1252 3102 1322 3111 —
1394 3074 1483 3127 Vs.
1522 3074 1558 3125 4
1594 3066 1780 3141 ὀρθὸν
1816 3067 1928 3137 βοι-

71 3156 268 3225 δίζειν,
316 3170 375 3214 ut
410 3162 524 3228 ipse
559 3154 750 3222 κύκλος
785 3169 930 3215 recto
969 3164 1072 3222 talo
1108 3163 1355 3216 incedere
1391 3163 1644 3216 videntur.
1720 3161 1797 3212 lta
1848 3159 1928 3210 in-

73 3255 250 3303 certus
295 3250 433 3318 spud
483 3230 810 3302 Atlienseum
858 3251 985 3302 xm
1032 3269 1083 3319 p.
1122 3253 1304 3303 azzo.
1361 3247 1520 3303 θέλει
1564 3243 1670 3319 γάρ
1719 3241 1751 3298 6
1789 3240 1927 3306 θεὸς

74 3328 256 3405 ὀρθὸς
287 3333 675 3407 ὄσφυρωμένος
712 3334 805 3389 διὰ
839 3337 1015 3405 μέσου
1051 3333 1310 3405 βαδίζειν.

144 3538 357 3584 comoed.
388 3554 488 3584 nov.
1521 3528 1590 3579 26
