2202 3918
321 207 427 271 828
697 214 1175 271 HIPPARCHUS.
1251 212 1786 268 APOLLODORU8.

670 391 1832 471 HIPPA'ROHUS.

899 595 1597 652 ΖΩΓΡΑΦΟΣ.

324 710 384 761 ln
421 710 591 760 aetate
626 708 895 759 hominum
937 707 1065 759 nihil
1103 713 1215 759 arte
1255 713 1334 759 est
1373 707 1669 774 pretiosius,

321 802 410 848 aut
447 797 512 847 ad
549 797 838 863 degendam
877 796 1032 846 vitam
1070 774 1477 847 cond'ucibilius:

322 900 408 936 res
446 885 572 935 alias
611 886 803 951 quippe
841 884 966 935 belli
1004 890 1056 936 et
1094 885 1336 936 fortunae
1373 886 1513 936 vices

326 978 669 1025 transmutant
703 971 890 1025 facile:
928 989 1012 1025 ars
1049 989 1259 1042 semper
1293 973 1570 1026 incolumis
1606 978 1800 1027 manet.

582 1223 1398 1300 APOLLODORUS
1458 1224 1922 1299 GELOUS.

837 1423 1674 1483 ΦΙΛΑΔΕΛΦΟΙ.

1214 1517 1284 1568 ΙΙ.

326 1608 690 1659 Pet-versitatis
729 1607 1009 1659 nominasti
1043 1606 1216 1673 ipsum
1257 1612 1443 1673 caput:

324 1697 502 1749 multis
539 1697 672 1748 mala
708 1698 884 1750 insunt
922 1696 1101 1758 multa,
1140 1694 1233 1745 sed
1271 1711 1425 1746 avaro
1463 1697 1651 1748 omnia.

496 1887 1312 1979 APOLLODORUS
1370 1902 2018 1978 CARYSTIUS.

813 2106 870 2159 Γ
863 2104 1167 2158 ΡΑΜΜΑ
1177 2103 1380 2157 ΤΕΙΔΙ
1390 2101 1498 2156 ΟΠ
1506 2101 1589 2156 OI
1592 2101 1702 2160 ΟΣ.

325 2219 449 2270 Heu
485 2219 738 2282 quotquot
777 2215 919 2277 estis,
957 2229 1050 2265 cur
1086 2217 1190 2267 vita
1225 2215 1454 2268 laetabili

330 2307 526 2359 omissa
560 2305 614 2355 id
652 2305 806 2371 agitis
840 2308 900 2354 ut
936 2320 994 2355 se
1031 2321 1118 2356 res
1156 2305 1384 2356 habeant
1421 2305 1575 2367 male,

328 2396 582 2447 bellantes
620 2393 707 2443 alii
741 2394 794 2444 in
831 2393 999 2444 alios?
1037 2394 1171 2460 proh
1209 2394 1467 2461 Superum
1506 2394 1686 2456 fidem,

330 2502 396 2536 an
432 2483 620 2548 aliquis
656 2482 813 2531 vitam
851 2487 1082 2532 nostram
1119 2498 1257 2533 nunc
1296 2482 1494 2532 Genius
1534 2483 1670 2547 regit

329 2574 627 2632 illiteratuS‚
665 2571 924 2631 inficetus,
963 2570 1229 2632 barbarus,

331 2662 419 2730 qui
457 2658 582 2726 quid
618 2659 811 2709 bonum
850 2659 935 2720 sit,
974 2657 1201 2723 quidque
1239 2657 1306 2707 sit
1343 2661 1523 2707 eontra
1560 2658 1769 2720 malum,

329 2753 539 2818 ignoret
577 2748 745 2814 plane,
786 2747 977 2812 quique
1014 2761 1111 2796 nos
1149 2750 1206 2795 ut
1242 2744 1354 2796 fors
1393 2746 1512 2798 tulit

331 2841 437 2891 hue
473 2838 599 2888 illue
635 2842 807 2886 verset
844 2836 1042 2901 impetu
1080 2835 1396 2885 temerario?

334 2927 494 2979 credo
532 2923 793 2990 equidem.
866 2940 983 2974 nam
1022 2923 1139 2988 quis
1177 2923 1378 2973 Graeco
1414 2924 1624 2991 ingenio
1663 2923 1925 2992 praeditus

337 3019 541 3083 optaret
578 3013 752 3078 potius
790 3027 1007 3063 cernere
1045 3012 1346 3062 afflietarier

340 3106 472 3157 alios
509 3103 573 3152 ab
611 3101 742 3162 aliis,
781 3101 970 3150 cadere
1008 3102 1060 3151 in
1099 3106 1290 3151 terram
1328 3109 1579 3165 mortuae,

341 3207 494 3260 quam
529 3190 711 3250 laetos,
748 3189 1078 3251 ludibundos,
1115 3191 1253 3239 inter
1289 3193 1475 3257 pocula

343 3282 408 3334 ad
444 3279 622 3330 tibiam
659 3282 951 3327 cantantes:
990 3293 1020 3327 ο
1060 3278 1356 3330 dulcissima

344 3369 531 3422 refelle
569 3365 717 3418 nobis
753 3366 909 3416 istum
946 3366 1168 3417 Genium
1209 3368 1497 3420 barbarum.

347 3474 521 3511 nonne
556 3453 683 3507 illud
720 3469 843 3506 vere
881 3461 958 3507 est
997 3456 1240 3508 caelitum
1279 3459 1417 3524 quod
1454 3458 1641 3510 dicitur
