2202 3918
556 231 562 237 ,
588 183 930 240 ΓΝΩΜΑΙ
983 184 1055 238 M
1060 180 1169 238 ΟΝ
1170 180 1271 238 ΟΣ
1280 185 1363 238 TI
1363 185 1523 242 XOI.
1883 194 1990 248 371

125 337 224 390 An.
265 334 292 387 1
325 348 379 401 p.
417 331 523 384 158
546 331 577 384 τ’
612 326 798 399 σοᾳοῦ
849 325 955 400 γὰρ
992 323 1196 399 ἀνδρὸς
1231 322 1475 395 εὐλαβοῦ
1511 330 1870 400 συμβουλίας.
1915 366 1990 380 ..-

125 425 226 477 Vs-
263 422 371 474 487
409 422 581 472 editu·
619 417 854 489 πρῶτον.
892 448 965 457 -
1011 420 1108 472 νε.
1149 421 1254 472 489
1291 420 1467 472 addidi
1507 416 1713 482 πολλὰς
1750 441 1780 475 e
1817 425 1987 478 Grotii

121 515 249 566 Exc.
287 529 337 579 p.
365 507 501 563 945.
541 543 609 553 -
668 510 766 562 Vs.
806 510 930 562 499.
972 510 1107 564 Vide
1143 511 1207 561 ad
1246 510 1523 562 Menandri
1561 512 1768 579 Fragm.
1809 531 1860 581 p.
1898 517 1986 568 76.

120 633 191 644 —-
229 600 326 653 Vs.
363 600 468 652 491
510 600 675 653 Aldus
713 596 899 668 φοβοῦ
936 593 1000 648 τὸ
1036 595 1226 667 γῆρας.
1278 626 1354 635 -
1400 600 1497 651 Vs.
1537 599 1645 651 493
1681 602 1846 653 Aldus
1881 595 1986 652 ἆν-

123 684 341 759 ὅράσιν.
398 719 465 729 —-
539 689 638 740 νε.
677 689 801 740 495.
852 688 1103 739 Similiter
1139 687 1345 754 Agatho
1384 690 1521 756 apud
1559 690 1881 757 Simplicium
1920 691 1988 743 nd

122 782 339 834 Aristot.
380 779 540 845 Phys.
578 794 630 844 p.
667 777 740 827 73
780 779 837 827 Β.
878 777 995 828 Ald.
1034 774 1195 841 τέχνη
1232 771 1403 844 τέχην
1441 773 1656 846 ἔστερξε
1691 776 1783 828 καὶ
1824 776 1983 846 τέχνη

122 862 309 935 τύχην.
384 868 570 919 Editus
619 859 754 934 τύχῃ
799 863 993 931 τέχνην
1041 856 1302 933 εἴρηκας,
1355 860 1419 916 οὐ
1473 866 1633 939 τέχνῃ
1677 861 1862 935 τύχην.
1919 897 1983 907 —-

119 957 215 1008 νε.
257 956 363 1006 496
398 950 653 1021 μείζονας
689 948 908 1019 βλάβας
943 957 1135 1007 editus,
1176 957 1342 1008 Codd.
1379 950 1623 1022 μεγάλας
1660 951 1875 1024 ζημίας.
1914 988 1984 1000 ...-

119 1045 216 1098 νε.
256 1045 364 1096 497
401 1051 480 1095 est
518 1044 657 1111 apud
694 1044 974 1098 Stob.Ecl.
997 1045 1087 1111 ph.
1129 1046 1151 1096 l
1191 1063 1240 1113 p.
1266 1047 1385 1096 198.
1429 1046 1664 1113 Respicit
1684 1047 1984 1114 Simplicius

117 1135 157 1187 1.
178 1135 213 1187 l.
251 1134 412 1185 Vind.
437 1134 486 1184 3.
503 1133 555 1185 4.
594 1139 647 1184 et
685 1133 855 1184 Guelf.
900 1126 1302 1201 εὐπραγοῦντα.
1334 1166 1404 1176 ——
1443 1134 1492 1185 ν
1498 1151 1539 1187 ε.
1579 1137 1687 1186 498
1720 1135 1846 1188 fort.
1882 1136 1986 1188 fuit

120 1225 243 1275 olim
281 1214 461 1273 c‘z'noeo’
483 1219 542 1271 ἐν
578 1215 938 1289 ἀνθρώποισι
976 1222 1247 1286 τέθνηκεν
1281 1217 1456 1294 χάρις.
1491 1251 1564 1260 -
1600 1224 1819 1276 Vs.501
1844 1225 1984 1292 apud

118 1314 285 1364 Boias.
326 1315 425 1365 An.
467 1313 490 1363 1
527 1330 578 1380 p.
623 1313 725 1362 158
762 1308 860 1362 τὸν
896 1306 1249 1366 εὖποιοῦνθ’.
1291 1344 1349 1351 —-
1413 1314 1508 1365 νει.
1547 1313 1654 1364 595
1690 1314 1984 1365 Menandro

116 1403 364 1453 tribuitur
402 1402 539 1468 apud
577 1403 723 1453 Stob.
763 1403 908 1454 Flor.
944 1403 1000 1454 V
1034 1405 1086 1455 9.
1138 1405 1225 1455 nbi
1274 1420 1454 1455 versus
1501 1404 1571 1453 ita
1609 1403 1835 1470 scriptun
1873 1409 1983 1455 est=

116 1488 368 1557 ταμιεῖον
404 1482 599 1556 ἀρετῆς
636 1487 754 1539 ἐστι
804 1487 1229 1558 σωφροσύνηνη.
1306 1493 1392 1544 Sic
1433 1494 1587 1544 etiam
1627 1493 1891 1544 Gesnerus
1929 1493 1983 1544 in

117 1579 380 1646 margine,
430 1585 482 1628 nt
519 1579 572 1630 in
606 1585 782 1630 textu:
829 1573 1083 1646 ταμιεῖόν
1130 1578 1284 1631 ἐστιν
1321 1574 1521 1648 ἀρετῆς
1554 1573 1588 1640 ἡ
1628 1572 1983 1646 σωφροσύνη,

116 1670 171 1721 in
224 1684 326 1735 qno
378 1668 546 1719 latere
594 1670 833 1734 suspicor
882 1662 1077 1736 ἀρετῆς
1125 1666 1278 1720 ἐστιν
1314 1662 1346 1731 ἡ
1386 1662 1626 1737 σώφρων
1671 1660 1826 1733 γυνή.
1902 1669 1982 1724 lta

115 1758 218 1810 inm
269 1758 322 1809 in
374 1758 525 1825 prim.
575 1757 699 1808 edit.
786 1759 976 1810 Postea
1024 1760 1163 1810 idem
1213 1759 1486 1810 Dobraeus
1524 1757 1652 1810 Adv.
1697 1758 1744 1808 ll
1783 1776 1833 1825 p.
1874 1762 1899 1789 ⁴¹
1937 1761 1980 1810 ¹¹¹.

117 1847 362 1899 Ceterum
401 1864 449 1898 v.
488 1846 627 1898 infra
664 1846 728 1897 ad
746 1848 1115 1901 Alexandrum.
1156 1880 1221 1888 —
1260 1847 1482 1899 vam-5
1518 1847 1760 1926 Euripidi
1798 1848 1981 1899 tribuit

115 1936 263 1989 Stob.
299 1937 413 1988 Ecl.
454 1936 604 2003 pbys.
647 1937 668 1987 1
708 1954 757 2003 p.
796 1937 920 1990 349.
994 1966 1066 1974 --
1137 1938 1231 1990 Vs.
1271 1937 1378 1988 517
1429 1936 1581 1988 codd.
1628 1928 1729 2003 ὑφ’
1771 1931 1978 1999 ἡδονῆς

115 2019 387 2093 φρόνιμος
421 2018 523 2074 οὐκ
558 2015 629 2072 ἄν
668 2019 967 2075 ἁλίσκεται.
1015 2028 1232 2077 Coi-rexi
1270 2028 1323 2077 in
1363 2027 1487 2076 edit.
1528 2027 1646 2076 mni.
1687 2027 1977 2078 Confirmat

115 2130 253 2166 nunc
289 2114 452 2165 codex
490 2114 626 2180 apud
666 2115 834 2165 Boiss.
874 2115 1070 2166 Anecd.
1106 2115 1125 2165 l
1166 2132 1215 2182 p.
1256 2115 1375 2167 158.
1427 2146 1497 2154 -
1533 2115 1631 2166 Vs,
1666 2113 1775 2165 524
1813 2114 1979 2167 Aldus

116 2201 383 2270 ποιοῦμεν
417 2199 576 2253 κακά.
626 2235 695 2244 —
744 2203 840 2253 Vc.
877 2203 986 2253 525
1024 2205 1200 2254 addidi
1242 2198 1387 2255 ἔστ’.
1436 2236 1505 2244 --
1543 2204 1643 2255 Vs,
1680 2204 1786 2254 529
1824 2204 1977 2267 „vul-

115 2301 290 2361 gutum
342 2288 402 2341 ἐν
447 2290 635 2350 κακοῖς
681 2284 758 2357 μὴ
813 2287 1051 2361 παρίδῃς
1087 2294 1312 2344 Brunck.
1353 2294 1404 2343 in
1445 2290 1694 2361 περιΐδῃς
1741 2294 1976 2347 mutavit.

112 2377 375 2448 προδοίης
411 2379 589 2431 Guelf.
625 2381 706 2444 [et
740 2381 901 2432 Vind.
942 2382 976 2431 3
1031 2381 1110 2446 4.]
1163 2377 1368 2450 πρόὸος
1387 2382 1651 2439 Viam-2.
1679 2375 1766 2431 δι’
1808 2374 1976 2451 ὀργῆς

113 2468 324 2522 Guelf.”
361 2467 672 2521 Schneider.
726 2491 797 2507 ⁵—-
844 2470 943 2522 νε.
982 2470 1089 2521 532
1127 2472 1332 2524 Alexidi
1371 2472 1615 2522 tribuitur
1652 2471 1791 2539 apud
1828 2473 1975 2528 Stob.

111 2559 281 2612 Serm.
318 2558 397 2610 Vl
435 2558 523 2609 24.
586 2589 656 2599 -—-
711 2556 808 2612 νε.
845 2558 952 2610 536
989 2561 1158 2627 possis
1197 2554 1501 2611 ἁλίσκεται.
1575 2556 1682 2612 Sed
1723 2561 1847 2628 quid
1894 2569 1976 2615 cst

0 2637 3 2712 [
111 2642 352 2716 λιπαρὸν
387 2641 691 2715 φρόνημαὶῑ
737 2676 810 2685 —
862 2649 961 2701 Vc.
999 2648 1106 2700 537
1145 2667 1247 2701 non
1287 2655 1366 2701 est
1404 2650 1595 2702 veteris
1631 2656 1819 2717 poetae
1856 2667 1974 2703 ver-

111 2754 218 2790 one.
261 2765 324 2775 —
351 2737 451 2788 νε.
469 2737 576 2788 538
612 2738 656 2787 ei
695 2753 875 2789 versus
913 2743 994 2789 est
1031 2739 1234 2802 comici,
1273 2739 1604 2790 scribendum
1641 2729 1976 2790 κᾶν“Αιδου

0 2808 2 2823 ’
110 2823 315 2889 πύλας,
373 2833 432 2878 ut
479 2827 641 2878 voluit
687 2826 925 2879 Erfurdt.
978 2828 1043 2878 ad
1093 2828 1257 2895 Sopb.
1309 2831 1430 2880 Ant.
1483 2828 1639 2880 1226.
1722 2828 1973 2882 Fortasse

112 2916 481 2985 iambographi
514 2931 693 2967 versu·
730 2922 826 2967 est.
866 2948 935 2959 --
974 2917 1069 2969 Vs.
1109 2918 1231 2968 539.
1269 2918 1458 2968 Editus
1494 2910 1528 2979 ἡ
1568 2912 1748 2968 δοῦσα
1785 2911 1971 2968 πάντα

110 3005 205 3057 καὶ
224 3001 505 3073 κομίζεται
524 3021 560 3071 q
572 2999 705 3064 ὑσις.
726 3004 823 3057 Cl'r
844 3022 914 3058 vs.
935 3007 1005 3058 89
1027 3014 1079 3058 et
1100 3007 1279 3073 Eurip.
1298 3006 1505 3058 Orionis
1529 3006 1719 3061 Gnom.
1741 3008 1789 3059 11
1830 3009 1880 3060 1.
1898 3034 1970 3048 -

109 3095 207 3148 νο.
243 3094 352 3147 549
397 3095 570 3146 editus
616 3090 800 3153 οἴκους
847 3092 1001 3144 ἐστὶν
1051 3089 1325 3161 ἀνδράσιν
1370 3087 1526 3160 γυνή.
1597 3098 1753 3166 Apud
1802 3099 1967 3150 Bois's.

78 3186 209 3238 ‘Am
250 3185 271 3236 1
310 3202 360 3252 p.
397 3186 469 3236 26
502 3178 709 3250 χειμών
741 3180 998 3251 μέγιστος
1037 3175 1213 3244 οἰκίας
1249 3179 1387 3246 κακὴ
1426 3177 1581 3250 γυνή.
1619 3214 1686 3223 -
1724 3186 1820 3238 νε.
1860 3187 1968 3237 543

109 3270 285 3327 Guelf.
336 3267 608 3334 δάκτυλος
657 3270 715 3322 δὲ
754 3267 1042 3325 δάκτυλον.
1120 3300 1186 3310 -
1257 3271 1355 3325 Vs.
1390 3271 1499 3324 544
1546 3275 1821 3344 legebatur
1871 3266 1964 3325 ἐπ’

109 3351 342 3432 αἰσχρὸν
377 3355 643 3413 οὐδέποτε
676 3356 782 3431 χρὴ
821 3357 1066 3432 πρᾶγμα.
1142 3363 1359 3416 Correxi
1395 3365 1449 3416 in
1489 3363 1614 3416 edit.
1654 3365 1774 3415 mai.
1832 3364 1968 3414 Con·

108 3449 282 3503 firmct
317 3467 455 3505 nunc
491 3452 653 3505 vind.
693 3452 743 3504 9.
797 3453 885 3518 qui
936 3468 1031 3520 pro
1085 3445 1347 3505 οὐδέποτε
1391 3449 1498 3522 χρὴ
1532 3454 1692 3505 habet
1729 3446 1972 3510 οὐδόλως

1478 3542 1548 3592 24
1592 3544 1611 3568 ⁴¹
