2202 3918
263 192 374 251 840

267 868 374 919 210

992 185 1374 241 MENANDRI

391 316 602 392 5HHog·
635 323 879 397 πονηρὸν
916 324 1080 396 φεῦγε
1114 325 1206 378 καὶ
1241 324 1430 396 κέρδος
1465 321 1654 380 κακόν.

264 419 371 473 205
403 414 416 432 ‘

253 525 269 530 ‘
395 498 684 560 ’Ἠδιστόν
717 502 834 557 ἐστι
869 502 982 554 τῶν
1018 497 1377 571 ὑπαρχόντων
1413 505 1647 570 κρατεῖν.

392 588 684 649 αΗδιστόν
718 593 868 645 ἐστιν
903 586 1238 660 εὐτυχοῦντα
1275 588 1409 642 νοῦν
1445 587 1601 659 ἐχειν.

394 681 490 737 ”H
527 685 644 751 λέγε
680 701 735 735 τι
773 680 928 750 σιγῆς
964 682 1207 752 κρεῖττον
1242 674 1281 744 ἢ
1317 676 1480 747 σιγὴν
1516 676 1620 749 ἔχε.

397 767 571 839 “Ήξει
607 770 672 824 τὸ
707 771 880 843 γῆρας
915 771 1106 824 πᾶσαν
1142 763 1331 822 αἰτίαν
1368 769 1554 839 φέρον.

425 419 497 471 Η
524 416 749 485 γλῶσσα
786 410 1021 474 πολλοὺς
1057 406 1133 474 εἷς
1170 410 1414 485 ὄλεθρον
1450 410 1669 483 ἤγαγεν.

404 859 493 915 ‘H
530 858 696 932 φύσις
733 857 964 914 ἑκάστου
1000 859 1100 913 τοῦ
1135 860 1323 929 γένους
1358 857 1512 911 ἐστὶν
1547 854 1763 938 πατρίς.

396 938 606 1012 Ηθος
641 948 953 1019 προκρίνειν
985 945 1284 1019 χρημάτων
1318 945 1606 1016 γαμοῦντα
1641 947 1740 999 δεῖ.

399 1035 488 1092 ‘H
526 1034 584 1092 δ’
625 1034 848 1110 ἁρπαγὴ
885 1039 1147 1109 μέγιστον
1184 1033 1512 1107 ἀνθρώποις
1547 1033 1734 1091 κακόν.

398 1124 489 1181 ‘H
528 1124 696 1199 φύσις
730 1124 994 1180 ἁπάντων
1028 1125 1140 1179 τῶν
1176 1121 1536 1196 διδαγμάτων
1571 1126 1774 1195 κρατεῖ.

394 1212 638 1280 ”Ηθους
673 1214 893 1272 δικαίου
929 1216 1146 1288 φαῦλος
1182 1212 1250 1269 ού
1262 1210 1484 1317 ψαύει
1494 1210 1672 1314 λόγος.

268 1300 495 1363 215'11
531 1303 609 1376 μὴ
645 1310 843 1376 γαμεῖν
877 1303 943 1358 τὸ
980 1301 1218 1359 σύνολον
1252 1298 1290 1369 ἢ
1323 1302 1518 1374 γαμῶν
1552 1300 1754 1375 κράτει.

262 2647 368 2698 230

399 1390 487 1448 ‘H
525 1393 742 1465 πατρίς,
774 1415 848 1458 ως
884 1392 1038 1459 ἔοικε,
1076 1391 1350 1465 φίλτατον
1385 1395 1620 1462 βροτοῖς.

399 1480 489 1537 ‘H
525 1481 629 1555 γὰρ
664 1481 1006 1556 παράκαιρος
1041 1481 1215 1549 ἡδονὴ
1253 1479 1420 1535 τίκτει
1458 1477 1694 1551 βλάβην.

400 1569 561 1627 εΗδύ
597 1593 655 1643 γε
693 1565 943 1635 δικαίους
978 1569 1187 1642 α’νδρας
1223 1568 1460 1640 εὐτυχεῖς
1494 1568 1649 1641 ὁρᾶν.

396 1659 638 1725 ”Ηθους
676 1661 735 1714 δὲ
772 1657 1024 1731 βάσανός
1059 1660 1210 1714 ἐστιν
1246 1655 1576 1731 ἀνθρώποις
1604 1654 1819 1754 χρόνος.

261 1755 368 1806 226
397 1748 412 1765 ‘

401 1836 560 1893 Ἠδὺ
598 1839 815 1893 σιωπᾶν
851 1834 886 1904 ἡ
918 1839 1118 1891 λαλεῖν
1140 1834 1183 1889 δι’
1210 1835 1288 1907 μὴ
1327 1839 1535 1907 πρέπει.

399 1925 488 1982 ‘H
524 1925 633 2000 γὰρ
669 1925 849 1994 σιωπὴ
887 1930 1002 1991 τοῖς
1039 1928 1238 1996 σοφοῖς
1273 1924 1395 1980 ἐστ’
1429 1923 1735 1997 ἀπόκρισις.

400 2013 489 2072 ‘H
524 2015 629 2089 γὰρ
666 2015 848 2081 σιωπὴ
885 2017 1158 2087 μαρτυρεῖ
1184 2013 1249 2067 τὸ
1285 2013 1363 2085 μὴ
1402 2015 1611 2067 θέλειν.

399 2103 494 2160 ‘H
523 2103 708 2178 μωρία
747 2103 980 2159 δίδωσιν
1015 2100 1344 2176 ἀνθρώποις
1380 2099 1540 2157 κακά.

263 2199 370 2254 225
393 2192 422 2213 ’“

398 2283 496 2340 ‘H
522 2282 706 2339 κοιλία
742 2286 839 2338 καὶ
875 2283 1056 2338 πολλὰ
1087 2285 1259 2356 χωρεῖ
1285 2279 1510 2349 κώλίγα.

396 2371 488 2430 ‘H
524 2371 687 2428 πενία
723 2369 1047 2444 ἀγνώμονας
1081 2392 1140 2442 γε
1177 2369 1305 2435 τοὺς
1340 2369 1577 2435 πολλοὺς
1612 2375 1774 2428 ποιεῖ’.

397 2461 495 2518 ‘H
522 2458 733 2533 γλῶσσ’
774 2459 1171 2534 ἁμαρτάνουσα
1208 2456 1440 2529 τάληθῆ
1473 2459 1629 2528 λέγει.

422 1753 486 1804 Η
522 1751 748 1819 γλῶσσα
786 1750 1006 1803 πολλῶν
1041 1749 1193 1803 ἐστιν
1230 1743 1385 1801 αἰτία
1422 1766 1622 1803 κακων.

423 2199 492 2252 H
525 2196 603 2267 μή
639 2193 786 2249 ποίει
819 2193 884 2248 τὸ
919 2192 1161 2266 κρυπτὸν
1194 2189 1234 2259 ἢ
1266 2190 1438 2263 μόνος
1467 2191 1631 2248 ποίει.

409 2550 550 2606 Θεὸν
585 2552 754 2620 σέβου
788 2554 883 2605 καὶ
917 2547 1104 2605 πάντα
1136 2547 1360 2624 πράξεις
1395 2550 1620 2613 ἐνθέως.

411 2640 551 2695 Θεὸν
581 2639 842 2713 προτίμα,
880 2637 1132 2712 δεύτερον
1168 2638 1295 2703 τοὺς
1329 2638 1461 2702 σούς
1496 2641 1688 2709 γονεῖς.

408 2728 681 2784 Θάλασσα
717 2733 813 2784 καὶ
848 2730 957 2801 πῦρ
991 2732 1087 2784 καὶ
1121 2728 1256 2799 γυνὴ
1295 2727 1480 2803 τρίτον
1514 2727 1701 2785 κακόν.

371 2824 379 2831 ”
415 2819 601 2873 Θέλων
633 2820 813 2883 καλῶς
849 2820 946 2886 ζῆν
979 2818 1057 2889 μὴ
1095 2817 1165 2871 τὰ
1201 2820 1311 2871 τῶν
1347 2816 1578 2889 φαύλων
1614 2816 1824 2890 φρόνει.
1896 2866 1901 2870 .

412 2905 703 2979 Θησαυρός
740 2910 857 2963 ἐστι
893 2909 1003 2961 τῶν
1038 2907 1220 2961 κακῶν
1253 2906 1392 2971 κακὴ
1429 2904 1583 2975 γυνή.

353 3062 362 3070 ³
415 2995 551 3060 Θεὸς
585 2999 823 3070 πέφυκεν
859 2992 1012 3061 ὅστις
1048 2993 1211 3050 οὐδὲν
1248 2995 1356 3068 δρᾷ
1391 2992 1576 3047 κακόν.

269 3090 376 3145 235
418 3084 709 3158 Θησαυρός
743 3090 862 3142 ἐστι
895 3087 996 3141 τοῦ
1032 3084 1160 3156 βίου
1192 3083 1261 3138 τὰ
1298 3080 1616 3155 πράγματα.

419 3175 662 3246 Θέλομεν
692 3176 872 3242 καλῶς
909 3177 1006 3242 ζῆν
1042 3172 1242 3238 πάντες
1278 3171 1408 3227 ἀλλ’
1446 3170 1512 3226 οὐ
1551 3168 1863 3245 δυνάμεθα.

419 3264 556 3328 Θεὸς
591 3263 849 3335 συνεργὸς
887 3264 1069 3319 πάντα
1107 3267 1257 3318 ποιεῖ
1285 3260 1505 3337 ῥᾳδίως.

420 3354 552 3408 Θεοὶ
584 3354 835 3425 μέγιστοι
867 3358 982 3418 τοῖς
1019 3352 1321 3428 φρονοῦσιν
1357 3353 1412 3406 οἱ
1448 3355 1638 3422 γονεῖς.

423 3439 707 3518 Θορύβους
742 3439 997 3515 ὀχλώδεις
1032 3445 1196 3517 φεῦγε
1233 3444 1326 3498 καὶ
1364 3439 1673 3514 παροινίας.
