2202 3918
604 185 664 237 Γ
670 182 919 238 ΡΑΜΜ
920 182 974 234 Α
980 181 1193 236 ΤΕΙΔΙ
1193 181 1307 235 011
1312 181 1389 235 01
1397 183 1509 236 ΟΣ.
1694 244 1699 254 ⁴
1877 191 1984 244 448

132 334 270 387 Nub.
310 332 448 384 12⁶8
484 348 536 399 p.
574 331 678 382 48:
725 325 778 380 τί
813 324 876 379 τὸ
914 324 1084 379 κακὸν
1123 321 1158 390 ἢ
1196 322 1249 378 τί
1285 322 1416 378 ποτ’
1456 314 1490 399 ᾗ
1529 345 1581 377 τι
1619 323 1883 396 τάγαθὸν
1921 336 1980 385 Α.

131 419 185 473 τί
222 417 287 471 τὸ
321 415 492 471 κακὸν
527 411 563 481 ἢ
603 414 657 468 τί
694 413 826 469 ποτ’
865 411 901 480 ἢ
952 414 1006 467 τί
1042 414 1097 467 τ’
1133 413 1362 484 ἀγαθὸν
1398 419 1455 468 Β.
1533 411 1571 478 ἤ
1605 434 1655 467 τι
1696 415 1756 469 τὸ
1793 415 1982 481 κακόν,

128 504 167 573 ἢ
203 505 258 560 τί
293 524 426 559 ποτε
464 503 728 575 τάγαθὸν
766 511 826 561 C.
900 504 954 558 τί
993 505 1055 558 τὸ
1092 504 1265 558 κακὸν
1297 499 1335 570 ἢ
1374 501 1428 556 τί
1465 499 1593 556 ποτ’
1634 491 1668 567 ἦ
1720 501 1985 572 τάγαθὸν

129 599 281 652 PVL.
356 592 411 648 τί
448 613 579 649 ποτε
607 593 672 648 τὸ
708 594 880 649 κακὸν
914 591 950 660 ἢ
987 593 1041 647 τί
1078 592 1341 662 τάγαθὸν
1378 597 1646 647 Porsonus
1695 597 1748 647 in
1787 599 1985 649 Adver-

129 689 278 740 sariia
316 694 370 739 et
406 689 709 740 Erfurdtiue
747 706 798 755 p.
837 689 995 738 461.”
1049 688 1377 756 DindorfiuS.
1434 695 1503 726 -‘—
1543 686 1652 764 tva.
1688 686 1722 735 7
1763 682 1817 733 τέ
1855 702 1984 746 πως.

132 778 210 828 lta
246 778 549 828 Dindorfius
586 793 680 844 pro
719 792 776 825 τε
812 774 943 836 πῶς.
985 806 1047 813 -
1092 778 1179 829 Vs.
1210 778 1245 827 8
1281 766 1608 826 κυλίνδουσ’
1652 773 1801 825 Dind.
1844 790 1906 824 ex
1945 774 1986 824 P

130 882 226 932 pro
265 866 410 917 edito
447 858 790 915 κυλινδοῦσ’.
847 866 890 915 Β
929 859 1282 918 κυλίνδουσα.
1339 895 1406 905 ·--
1458 864 1549 916 Va.
1588 864 1621 913 9
1659 858 1772 931 πῶς
1810 861 1987 912 Iacob-

130 955 256 1006 eius.
297 954 441 1004 Libri
478 948 577 1013 τίς.
616 955 656 1005 Β
696 948 800 1019 γὰρ
837 955 1045 1005 omittit.
1087 985 1152 993 —-
1194 955 1281 1006 Vs.
1308 955 1375 1004 lo
1414 954 1571 1003 verba
1597 941 1809 1014 “Ἐλλην
1846 945 1989 1013 ἄλη-

129 1037 254 1101 θιὸς
291 1026 434 1091 οὖσα
472 1042 627 1094 affert
664 1042 971 1094 Eustathius
1003 1059 1055 1109 p.
1098 1043 1233 1094 1077
1273 1044 1356 1093 31.
1396 1033 1610 1104 ‘'EMmt
1659 1042 1725 1092 de
1773 1040 1990 1092 muliere

131 1129 326 1180 dictum
372 1136 431 1180 ut
478 1131 616 1198 apud
665 1131 1026 1182 Philemonem
1083 1131 1238 1182 Paed.
1287 1149 1337 1199 p.
1379 1133 1446 1182 17
1498 1132 1752 1197 aliosque.
1838 1130 1991 1196 Quod

131 1219 369 1285 sequitur
405 1216 737 1285 λεπομένους
775 1220 972 1273 ΑΒΟΙ).
1011 1217 1353 1287 λυπομὲνους
1384 1221 1536 1274 PVL.
1617 1220 1673 1271 ln
1712 1222 1758 1286 Q
1796 1226 1990 1269 utram-

131 1324 235 1374 que
271 1310 580 1375 scripturam
619 1326 736 1361 esse
774 1311 976 1362 monuit
1015 1311 1332 1362 DindorfiuS.
1375 1309 1563 1367 -—,V8.
1600 1309 1666 1360 12
1703 1302 1991 1358 ὑποπεπω-

131 1389 298 1455 κότας
336 1399 396 1449 C.
453 1390 919 1458 ὑποπεπτωκότας
958 1399 1112 1451 PVL.
1168 1427 1237 1435 —
1297 1400 1386 1451 Va.
1429 1399 1495 1448 13
1531 1391 1636 1447 ώὸὶ
1674 1398 1988 1449 DindorliuS.

127 1475 234 1532 ὥδὶ
274 1485 381 1537 VL.
419 1477 558 1534 ώδεῖ
589 1490 648 1538 Λ.
693 1481 825 1536 αἴδεο
863 1489 919 1539 Ρ.
974 1504 1015 1535 ω
1053 1485 1136 1538 dea
1173 1489 1232 1538 B.
1309 1488 1522 1540 Grotius
1557 1482 1692 1558 ω’δῇ,
1731 1487 1869 1554 quod
1908 1487 1993 1554 qul

132 1578 385 1639 sequutus
425 1579 504 1625 est
523 1574 1072 1642 SchweighaeuseruS,
1111 1571 1420 1626 αὐλεῖσθαι
1454 1571 1572 1646 αἰδῇ
1610 1577 1762 1626 tibiis
1800 1593 1992 1627 canere

130 1668 500 1728 interpretatus
549 1669 646 1714 est.
732 1663 791 1714 ld
828 1681 952 1715 vero
992 1682 1108 1716 esse
1147 1665 1372 1717 debebat
1401 1658 1619 1724 αὐλεῖν,
1669 1670 1849 1715 contra
1895 1660 1995 1714 αὐ-

130 1746 364 1800 λεῖσθαι
413 1757 494 1802 est
539 1753 782 1803 tibiarum
808 1756 983 1805 'cantu
1035 1755 1242 1807 deliniri
1283 1755 1364 1807 vel
1403 1754 1668 1807 oblectari.
1759 1754 1892 1807 Vide
1930 1754 1995 1805 ad

136 1838 327 1892 Philet.
361 1856 409 1906 p.
431 1841 555 1892 299.
632 1841 762 1892 lhid.
800 1838 915 1907 λέγ’
938 1837 1080 1904 aim>
1120 1846 1182 1895 A.
1217 1836 1454 1908 λεγαύτη
1496 1845 1554 1895 Ρ.
1593 1840 1651 1892 λε
1688 1861 1720 1908 y
1758 1859 1900 1904 αυτη
1936 1844 1996 1894 Β.

133 1924 310 1992 λέγειν
343 1914 386 1977 ὦ
427 1932 536 1985 VL.
609 1933 725 1986 Non
764 1933 829 1984 ad
869 1948 1022 1984 unam
1062 1934 1348 1999 quamlibet
1385 1933 1654 1983 mulierem
1690 1933 1820 1984 haec
1859 1932 1995 1982 dicta

137 2019 403 2085 amplcor,
450 2023 546 2073 aed
581 2022 647 2072 ad
684 2024 834 2074 deam
871 2023 1129 2087 aliquam,
1181 2021 1370 2073 Pacem
1421 2021 1646 2071 fortasse
1694 2022 1779 2072 vel
1819 2019 1872 2074 Γ
1866 2036 1997 2088 εωρ-

138 2102 286 2173 γίαν.
341 2139 412 2149 -·
469 2111 556 2163 Vc.
601 2111 670 2162 15
717 2108 815 2160 τὸν
850 2103 1196 2175 καλούμενον
1233 2110 1761 2177 Schweighaeuserus
1798 2126 1893 2178 pro
1934 2104 1996 2161 τὸ

139 2189 497 2264 καλούμενον.
536 2231 605 2242 —-
646 2199 736 2253 Vs.
777 2200 843 2251 17
882 2216 976 2266 pro
1015 2191 1050 2260 ἢ
1092 2201 1130 2250 Β
1169 2185 1253 2262 ἦν.
1298 2201 1337 2251 Ρ
1374 2186 1427 2263 ἦ.
1464 2231 1533 2241 —-
1575 2200 1662 2251 Vs,
1702 2200 1772 2250 18
1809 2197 1864 2249 οἱ
1900 2216 1997 2267 pro

140 2277 195 2335 εἰ
223 2288 283 2339 Β.
318 2283 726 2353 μεταβαλόντες
766 2289 824 2339 Ρ.
860 2281 1302 2355 μεταβαλλόντες
1325 2290 1388 2341 V.
1425 2282 1864 2356 μεταβάλλοντες
1893 2290 1996 2341 ΒΡ.

138 2363 211 2417 -’-
250 2376 339 2430 Va.
381 2377 446 2426 19
483 2366 738 2435 ἅπαντας
774 2375 866 2426 καὶ
907 2370 1033 2436 τοὺς
1058 2377 1167 2430 VL.
1210 2378 1334 2429 Post
1370 2368 1626 2438 ἅπαντας
1665 2379 1889 2429 distinxi.
1930 2409 1998 2419 —-

136 2461 227 2516 Va.
266 2464 338 2515 2⁰
373 2457 431 2513 δ’
470 2461 672 2525 ἱππέας
714 2467 816 2517 PL.
857 2457 935 2515 δι’
978 2463 1177 2526 ἱππέας
1217 2467 1279 2519 V.
1356 2468 1655 2519 Dindorfius
1693 2469 1997 2536 particulam

140 2553 366 2606 deletam
402 2555 564 2607 malit.
640 2556 699 2607 ld
735 2557 849 2623 ipae
887 2556 1045 2608 etiam
1084 2557 1453 2623 praetulerim,
1508 2557 1600 2609 sed
1648 2558 1719 2608 ita
1767 2564 1824 2608 ut
1876 2552 2002 2618 τοὺς

139 2638 342 2703 ἱππέας
377 2645 715 2712 appositionis
754 2645 870 2696 loco
910 2646 1285 2712 superioribus,
1325 2640 1451 2707 τοὺς
1480 2644 1638 2718 μέχρι
1673 2642 1809 2696 ἐτῶν
1846 2639 2002 2714 τριά-

136 2748 334 2793 κοντα,
363 2734 506 2785 illata
544 2739 810 2800 putentur.
871 2760 935 2772 —
977 2735 1065 2787 Vs.
1104 2735 1173 2785 22
1213 2735 1370 2785 verba
1408 2730 1514 2800 πρὸ
1553 2729 1758 2802 ἡμέρας
1794 2735 1907 2800 alii,
1946 2736 2001 2789 in

142 2822 224 2875 hi·
262 2822 591 2885 Dindorfius,
643 2838 758 2874 cum
795 2824 1133 2889 sequentibus
1171 2824 1525 2891 coniungunt,
1575 2824 1713 2890 quod
1751 2824 1880 2876 ferri
1919 2826 2003 2877 vix

144 2916 336 2980 potest.
409 2911 504 2964 crr
525 2912 867 2964 Pherecrates
888 2930 935 2979 p.
958 2914 1093 2966 253:
1131 2906 1464 2979 λουσάμενοι
1501 2909 1558 2962 δὲ
1602 2907 1708 2981 πρὸ
1745 2909 2002 2981 λαμπρὰς

139 2994 348 3069 ἡμέρας
394 2998 452 3050 ἐν
497 3000 611 3062 τοῖς
657 2998 1119 3070 στεφανώμασιν,
1166 3000 1220 3052 οἱ
1259 2994 1315 3051 δ’
1357 2998 1416 3051 ἐν
1455 2998 1528 3072 τῷ
1561 2995 1733 3073 μύρῳ.
1821 3004 2002 3071 ltaque

139 3091 226 3144 vel
263 3096 385 3142 ante
421 3091 546 3142 tolia
584 3098 753 3144 ortum
792 3093 1226 3145 comminandum
1276 3108 1394 3144 ease
1443 3092 1582 3144 dicit.
1659 3119 1728 3131 -
1801 3092 1891 3145 Va.
1929 3091 2002 3144 23

141 3179 356 3233 Grotius
402 3176 594 3229 ἐλθεῖν
647 3178 954 3250 Μεγαρέας.
1046 3183 1161 3233 Ηοο
1208 3181 1384 3233 dicere
1434 3181 1669 3233 videtur:
1719 3181 1998 3232 braasicam

143 3273 234 3340 qui
280 3269 517 3323 venalem
567 3278 844 3338 apportent
892 3273 1263 3338 Megarenses,
1319 3271 1504 3324 melius
1550 3272 1694 3339 ipson
1745 3286 1858 3322 eam
1909 3286 2000 3322 co-

143 3375 306 3427 quere
343 3366 397 3411 et
434 3360 591 3410 vesci.
650 3358 861 3411 Constat
899 3361 1035 3411 enim
1076 3360 1415 3426 Megarenses
1452 3358 1703 3427 quidquid
1741 3358 1803 3409 ad
1843 3359 1997 3409 vitam

78 3499 87 3503 ,
146 3448 533 3503 ιιιιίεηίοιιᾱοω
559 3447 846 3516 pertineret
867 3448 1094 3503 Athenas
1133 3453 1452 3517 apportasse,
1494 3450 1635 3517 ipsos
1674 3452 1843 3503 autem
1886 3445 1997 3498 sero
