2202 3918
213 189 319 241 550
492 142 496 150 *
880 184 1388 236 THEOGNETUS.

218 347 334 383 esne
372 330 512 380 dicit.
550 327 708 389 Nihil,
748 324 1086 386 mihicrede,
1126 325 1191 375 de
1221 327 1474 393 Euripide
1506 328 1790 390 Zenobius,
1828 329 1919 379 sed
1946 328 2069 378 Phi·

217 418 390 470 loxeni
441 433 500 466 ex
557 415 783 482 Cyclope
831 413 984 462 affert
1034 428 1239 463 versum
1289 405 1387 482 οἵῳ
1436 410 1497 481 μ’
1541 409 1570 463 ὁ
1622 410 1837 483 δαίμων
1885 414 2070 481 τέρατι

225 499 626 571 συγκαθεῖρξεν
662 505 740 567 *)‚
795 516 947 566 quem
1001 500 1194 550 habent
1245 503 1398 551 etiam
1440 504 1684 555 Proverb.
1723 505 1926 556 Bodlei.
1965 506 2072 554 737

222 599 276 645 et
312 594 532 660 Diogen.
574 593 722 642 Cent.
763 590 858 641 Vll
899 589 981 638 19.
1059 590 1173 639 Non
1207 590 1509 655 Euripidem
1548 592 1722 656 igitur,
1761 594 1854 642 sed
1898 594 2072 643 Philo-

219 697 408 734 xenum
445 679 727 729 imitatione
761 676 1011 741 expressit
1032 678 1388 744 Theognetus.
1429 708 1497 716 —-
1538 679 1625 730 Vs.
1646 681 1679 729 7
1703 681 1900 746 πονηρὲ
1924 682 1981 731 C.
2012 707 2075 716 —-

222 770 366 823 Vs.8
405 762 742 833 άνέστροφεν
780 780 873 830 pro
912 755 1286 832 ἀντέστροᾳεν
1326 769 1692 818 PorsonuS.--
1725 769 1812 821 Vs,
1836 771 1868 816 9
1907 769 1972 817 ad
2008 763 2076 837 γῇ

223 872 282 905 τε
311 852 559 925 κούρανῷ
594 852 775 904 λαλῶν
803 869 1043 921 compara
1067 854 1379 904 Philemonis
1404 855 1555 928 Milit.
1579 856 1600 904 l
1624 873 1637 905 ε
1673 847 1745 914 ὥς
1781 845 1970 922 ἵμερός
2005 847 2071 919 μ’

225 938 449 1006 ὑπῆλθε
485 941 554 1014 γῇ
590 961 643 993 τε
682 939 930 1011 κούρανῷ
967 939 1167 993 λαλεῖν.
1252 944 1448 1008 Quibus
1500 944 1659 994 multa
1711 944 1897 994 similia
1932 959 2076 993 com-

225 1039 408 1099 parant
446 1033 682 1084 Davisius
721 1035 784 1084 ad
824 1036 994 1085 Cicer.
1034 1035 1190 1084 Tusc.
1232 1031 1307 1081 lll
1347 1032 1415 1081 26
1467 1038 1519 1081 et
1558 1032 1732 1083 Valck.
1773 1033 1836 1082 ad
1876 1032 2076 1083 Callim.

241 1121 586 1188 eleg.p.299.
626 1154 694 1163 —--
736 1125 822 1175 Vs.
847 1125 913 1171 10
952 1115 1111 1170 οὐδὲν
1150 1122 1190 1171 C
1230 1125 1283 1194 et
1305 1120 1493 1171 Athen.
1533 1121 1694 1171 altero
1735 1122 1849 1171 loco
1887 1138 1937 1186 p.
1958 1120 2076 1169 671.

594 1318 1739 1387 ΦΙΛΟΔΕΣΠΟΤΟΣ.**)

346 1420 353 1427 “
434 1423 507 1478 ‘O
548 1427 890 1481 Πανταλέων
924 1431 1029 1498 μὲν
1065 1423 1231 1488 αὐτὸς
1270 1421 1472 1487 αὐτοὺς
1507 1422 1633 1487 τοὺς
1671 1424 1855 1491 ξένους

444 1529 571 1594 τοτ”ς
609 1530 666 1583 τ’
695 1529 1034 1602 ἀγνοοῦντας
1071 1528 1244 1585 αὐτὸν
1281 1527 1509 1594 ἐπλάνα,
1546 1532 1641 1584 καὶ
1679 1527 1873 1601 σχεδόν

440 1633 826 1708 ἀπεκραιπάλα
864 1638 933 1691 τὰ
973 1641 1203 1693 πλεῖστα
1240 1638 1339 1691 τοῦ
1375 1632 1604 1706 γελάσαι
1636 1633 1813 1709 χάριν,

410 1746 424 1752 “
448 1737 600 1800 ἰδίαν
638 1741 748 1796 τίν’
789 1743 938 1819 αὑτῷ
974 1747 1212 1815 θέμενος
1250 1742 1596 1813 ἀδολεσχίαν.

371 1851 668 1923 Athenaeus
703 1854 825 1907 XIV
863 1873 911 1921 p.
955 1857 1134 1906 616³:
1186 1850 1610 1911 Πανταλέοντος
1664 1849 1720 1901 δὲ
1758 1845 2086 1920 μνημονεύει

238 1932 542 2002 Θεόγνητος
578 1939 633 1986 ἐν
677 1938 1070 2011 Φιλοδεσπότῳ
1104 1937 1176 1991 ‘O
1217 1938 1559 1989 Πανταλέων
1596 1938 1708 1989 κτλ.
1784 1943 1859 1990 De
1901 1942 2086 1990 Panta-

232 2027 409 2077 leonte
455 2027 609 2092 plano
659 2045 704 2078 v.
746 2030 881 2080 Hist.
923 2032 1035 2080 crit.
1077 2048 1126 2096 p.
1167 2030 1288 2080 241.
1384 2028 1472 2079 Vs.
1514 2029 1540 2078 l
1601 2044 1693 2094 pro
1746 2021 1946 2086 αὐτοὺς
1985 2028 2085 2078 Th.

233 2115 489 2180 Bergkius
529 2115 692 2180 Epist.
734 2117 795 2165 ad
835 2118 1145 2167 Schillerum
1185 2136 1234 2183 p.
1277 2119 1376 2167 136
1416 2109 1599 2175 ἀστός.
1679 2117 1796 2183 lpse
1844 2117 2087 2177 coniicie-

234 2202 351 2252 bam
401 2189 587 2261 οὗτος,
643 2205 758 2270 ipse
809 2207 899 2255 ille
949 2205 1237 2268 Pantale0‚
1292 2207 1356 2256 de
1407 2221 1508 2271 quo
1561 2207 1612 2255 in
1663 2205 2089 2255 antecedentibus
2175 2221 2180 2226 ·

235 2296 406 2340 actum
446 2291 664 2341 videtur.
706 2322 770 2329 —
813 2294 956 2345 Vm2
996 2287 1119 2353 τούς
1157 2287 1213 2342 τ’
1257 2295 1362 2345 ΑΒ.
1403 2289 1527 2354 τοὺς
1566 2286 1620 2342 δ’
1649 2293 1799 2348 PVL.
1844 2320 1907 2329 —-
1950 2288 2088 2345 Vs.4
2166 2292 2173 2304 ¹

236 2381 356 2428 ante
393 2377 548 2429 Dind.
588 2370 752 2447 αὐτῷ.

353 2531 395 2584 *)
426 2531 527 2572 Νοῐι
559 2533 679 2572 recte
710 2529 818 2571 haec
848 2530 893 2571 in
924 2531 1113 2575 trimetri
1142 2534 1261 2586 leges
1291 2545 1450 2586 cogere
1490 2533 1634 2576 eonati
1676 2536 1803 2585 sunt,
1843 2546 1927 2588 quo
1958 2532 2089 2575 metri

237 2617 413 2658 genere,
444 2605 526 2647 etsi
558 2619 584 2646 a
614 2604 926 2658 dithyrambica
960 2607 1082 2661 poesi
1113 2621 1201 2648 non
1228 2607 1369 2651 alieno
1401 2608 1654 2658 (Plutarch.
1685 2609 1739 2651 de
1768 2608 1880 2650 Mus.
1913 2610 1994 2651 vol.
2025 2608 2088 2650 XI

237 2694 281 2736 p.
314 2681 398 2723 681
442 2680 511 2722 ed.
546 2681 748 2733 Reisk.),
796 2686 942 2723 tamen
974 2696 1028 2724 an
1058 2682 1322 2725 Philoxenus
1352 2684 1397 2727 in
1429 2685 1620 2740 Cyclope
1659 2697 1763 2726 usus
1792 2683 1848 2726 sit
1877 2682 2088 2725 incertum
2176 2659 2187 2711 f

240 2759 322 2796 est.
381 2757 430 2797 ln
461 2756 536 2797 illo
567 2760 713 2799 autem
744 2755 974 2799 Philoxeni
1004 2771 1133 2803 versu
1166 2764 1285 2800 tanto
1319 2760 1460 2801 minus
1492 2759 1655 2815 aliquid
1685 2758 1960 2812 mutaverim,
1993 2771 2090 2800 cum

239 2829 394 2872 iisdem
425 2830 618 2872 numeris
648 2831 762 2873 aliud
797 2832 930 2874 etiam
961 2847 1015 2876 ex
1047 2835 1238 2890 Cyclope
1269 2835 1559 2888 fragmentum
1590 2835 1705 2891 apud
1733 2834 2091 2890 Aristoph.Plut.
2172 2822 2184 2891 'j

240 2904 326 2948 292
357 2905 607 2947 adstrictum
641 2905 722 2947 sit:
763 2900 866 2947 ἀλλ’
900 2909 965 2949 εἶα
1006 2911 1130 2951 τέκεα
1168 2908 1336 2965 θαμίν’
1371 2905 1659 2964 ἐπαναβοᾶτε.
1715 2911 1811 2952 Nec
1841 2909 1968 2952 aliam
1998 2923 2092 2951 me-

242 2979 296 3021 tri
335 2981 524 3038 speciem
564 2981 731 3023 referre
772 2982 976 3025 videntur
1015 2985 1147 3028 verba
1186 2986 1353 3032 ἔθυσας
1394 2979 1642 3044 ἅντιθὺσῃ,
1683 2999 1796 3041 quae
1834 2998 1891 3028 ex
1938 2986 2091 3029 eodem

242 3053 433 3097 carmine
464 3054 650 3123 afferxunt
681 3055 839 3098 Suidas
869 3057 886 3097 Ι
916 3072 958 3114 p.
988 3057 1075 3102 685
1106 3064 1150 3101 et
1179 3057 1266 3100 alii.

357 3147 420 3199 **)
452 3147 627 3188 Rectius
659 3148 846 3192 fortasse
884 3148 1223 3206 Φιλοδεσπότης,
1255 3151 1599 3207 quiTimostrati
1629 3151 1799 3195 fabulae
1831 3149 1978 3194 titulus
2009 3156 2089 3194 est.

242 3220 331 3264 Sed
363 3221 505 3290 forma
538 3223 851 3277 φιλοδέσποτος
879 3239 982 3268 usus
1014 3231 1079 3271 est
1107 3228 1315 3270 Aelianus
1347 3228 1402 3268 H.
1433 3228 1488 3269 A.
1522 3228 1589 3271 Vl.
