2202 3918
294 222 400 272 826
1082 216 1353 268 mPHuA

1177 358 1243 408 X.

292 450 452 503 Anias
486 449 691 511 sectari,
730 465 842 499 mea
880 448 953 499 sie
991 447 1094 498 fert
1128 448 1402 509 sententia,

289 538 649 590 famelicorum
687 543 765 588 est
802 538 1146 588 verberonum
1186 541 1273 586 aut
1305 534 1530 599 exulum.

1136 643 1279 695 xm.

285 733 441 785 Lucri
477 733 666 800 cupido
703 749 913 785 caecum
953 738 1005 784 et
1042 732 1345 799 imprudens
1383 731 1573 782 maium
1615 736 1719 782 est:

283 823 403 889 quia
438 839 585 885 mens
621 823 860 872 laborans
898 837 1103 888 capere,
1143 822 1214 872 nil
1252 822 1385 872 ultra
1426 819 1570 871 vidit.

1137 927 1276 980 XIV.

278 1018 357 1068 Ex
394 1019 551 1068 rebus
587 1015 736 1068 aufer
771 1032 976 1082 capere,
1016 1020 1069 1066 et
1105 1015 1382 1067 abstuleris
1421 1015 1599 1066 malos.

275 1106 378 1155 hoe
416 1112 494 1155 est
533 1106 765 1166 aviditas,
806 1121 922 1155 cum
959 1106 1073 1171 quis
1111 1121 1209 1156 nee
1245 1106 1327 1155 ius
1365 1120 1462 1155 nee
1500 1105 1691 1154 bonum

274 1192 581 1259 respiciens,
620 1199 784 1243 totum
825 1192 1061 1258 quaestui
1099 1208 1157 1243 se
1195 1193 1466 1258 mancipat.

1125 1297 1266 1350 XVI.

269 1385 568 1437 Plebicolae
607 1393 660 1437 et
697 1386 987 1436 meretricis
1026 1386 1379 1437 iusiurandum
1419 1393 1497 1437 est
1533 1386 1700 1437 idem:

267 1490 492 1540 namque
527 1475 673 1526 illum
710 1477 883 1526 iurant
919 1474 1103 1541 ipsum,
1142 1476 1346 1540 quicum
1385 1476 1635 1543 garriunt.

1109 1582 1277 1634 xvu.

263 1668 366 1733 Qui
402 1685 501 1718 nec
537 1669 723 1719 timere
757 1670 854 1720 scit
892 1684 990 1719 nec
1027 1672 1359 1733 erubescere,

258 1755 347 1806 hie
381 1755 728 1823 impudentiae
765 1759 933 1825 attigit
969 1758 1252 1827 fastigium.

1086 1864 1284 1916 leu.

255 1950 311 2001 Si
350 1955 498 2016 patre
536 1952 717 2002 videor
751 1954 967 2004 iustiora
1004 1954 1244 2019 proloqui

256 2039 459 2105 pietatis
497 2056 608 2091 sum
649 2041 889 2105 disertor‚
926 2042 980 2092 in
1020 2059 1103 2093 me
1140 2040 1378 2102 iniuriuS‚

256 2129 507 2179 molestus
542 2129 638 2190 illi,
675 2130 762 2201 qui
800 2138 878 2181 est
913 2131 1162 2182 amandus
1202 2132 1437 2180 maxime.

1084 2219 1226 2270 xlx.

248 2307 552 2373 Congerere
588 2321 826 2356 acervum
864 2310 1115 2375 temporis
1153 2308 1296 2373 longi
1337 2315 1416 2357 est
1454 2324 1616 2375 opus:

246 2411 398 2460 quem
438 2400 743 2460 congestum
781 2412 883 2447 una
919 2396 1074 2448 facile
1112 2398 1335 2448 disiiciat
1374 2398 1503 2449 dies.

1099 2485 1266 2537 XXI..

240 2570 372 2621 Nam
410 2570 497 2635 qui
534 2575 784 2636 cognatus
822 2587 899 2633 re,
938 2588 1039 2622 non
1081 2574 1193 2622 solo
1232 2573 1458 2634 nomine,
1498 2579 1598 2635 est,

240 2658 447 2724 cognati
484 2657 732 2709 famili-m
772 2660 968 2711 habere
1008 2660 1165 2710 debet
1204 2677 1296 2727 pro
1336 2677 1444 2712 sua.

1083 2750 1251 2800 xxu.

242 2832 518 2883 Pecuniam
560 2835 788 2885 omnium
826 2837 1050 2887 arbitror
1095 2838 1485 2899 validissimum,

236 2937 367 2988 quae
405 2922 614 2972 conficit
652 2939 736 2973 res
776 2932 827 2974 et
865 2925 1116 2992 diffringit
1154 2926 1423 2991 quaslibet.

1060 3015 1255 3065 xxm.

235 3098 548 3164 Paupertino
587 3099 796 3151 homine
833 3102 961 3151 nihil
1000 3108 1079 3152 est
1116 3101 1463 3153 fortunatius:

231 3202 347 3236 nam
385 3186 527 3237 solus
565 3187 616 3236 in
657 3188 889 3240 deterius
928 3206 1028 3241 non
1068 3191 1252 3240 metuit
1291 3191 1442 3241 vices,

1064 3279 1251 3330 xxiv,

230 3361 487 3427 Impietas,
529 3364 727 3428 quoties
767 3372 846 3416 est
885 3369 1104 3434 egestati
1142 3383 1333 3428 comeS,

230 3449 415 3499 evertit
454 3451 608 3501 vitam
648 3456 858 3507 summis
897 3474 924 3506 a
963 3456 1236 3508 radicibus
