2202 3918
283 211 390 266 752
1014 209 1391 264 MENANDRI

1168 352 1257 406 lV.

285 443 408 496 Dies
443 442 576 494 avita
613 456 770 509 saepe
807 456 940 508 quae
979 440 1187 492 fuerant
1226 442 1359 494 bona

284 533 452 585 aliena
490 531 633 594 fecit,
671 531 878 598 corpori
917 545 1159 596 parcens:
1196 535 1370 581 tamen

284 620 540 689 praesidia
576 621 713 672 vitae
750 620 916 673 solida
953 618 1005 670 in
1045 623 1160 670 arte
1189 624 1319 691 „sunt
1356 617 1472 670 sita.

1093 733 1107 766 ἑ
1162 725 1254 778 Vl.
1349 760 1353 763 -

731 812 929 863 Rectae
966 813 1155 864 rationi
1194 813 1361 864 omnis
1401 812 1546 863 locus

256 918 378 970 -pro
416 900 610 970 templo
650 906 758 954 est:
797 918 944 954 mens
983 907 1063 954 est
1098 902 1292 968 quippe
1330 901 1418 968 qui
1455 901 1684 967 loquitur
1723 901 1865 954 «leus.

940 1122 1494 1203 «4Σ111Σ
1636 1157 1638 1159 ·

1159 1256 1252 1307 ιη

646 1343 806 1395 Militi
843 1358 1052 1394 causam
1089 1345 1289 1407 salutiS,
1327 1344 1598 1408 Smicrina,

280 1435 515 1504 reperire
552 1431 790 1496 difficile,
827 1434 950 1485 exiti
988 1433 1312 1486 facillimum.

1165 1541 1255 1593 IV.

280 1633 411 1684 Nam
451 1631 572 1698 quia
610 1628 750 1696 quod
789 1635 952 1696 optat,
991 1630 1169 1696 nilque
1208 1635 1480 1697 praeterea
1518 1631 1679 1695 videt,

279 1722 433 1774 nimis
470 1726 552 1772 est
588 1719 798 1786 ineptus
836 1719 1069 1771 veritatis
1105 1719 1317 1771 arbiter.

1170 1826 1233 1879 V.

998 1914 1176 1981 Reges
1215 1930 1246 1965 o
1286 1915 1591 1966 miserrimi!

277 2021 395 2057 nam
434 2003 559 2071 quid
597 2000 933 2070 praecipuum
970 2002 1180 2054 tandem
1217 2002 1451 2056 habent?
1487 2011 1642 2072 atque
1678 2006 1885 2060 iuterim

278 2109 433 2160 quam
469 2094 626 2144 vitam
665 2091 864 2144 ducunt
899 2092 1118 2155 anxiam,
1157 2093 1408 2144 custodiis

276 2182 412 2249 septi
446 2181 794 2248 undequaque
832 2187 886 2231 et
923 2181 1258 2232 munimentis
1296 2181 1534 2233 arcium?

275 2286 393 2321 nam
432 2270 520 2336 qui
557 2274 660 2320 tam
696 2268 853 2321 facile
886 2269 1218 2336 suspicantur
1253 2269 1487 2337 singulos

274 2358 342 2408 ad
378 2374 495 2409 sese
531 2362 755 2409 armatos
794 2357 1024 2425 pugione
1059 2358 1333 2422 accedere,

273 2447 526 2515 supplicia
562 2446 795 2514 pendunt
811 2499 815 2503 ,
830 2447 1048 2512 quanta!

765 2651 1123 2706 AYTON
1186 2652 1639 2712 ΠΕΝΘΩΝ.

1154 2764 1245 2817 VI.

857 2853 1027 2905 Caeca
1062 2867 1150 2904 res
1187 2842 1414 2919 pecunia
1443 2859 1552 2918 θείς

267 2942 462 3010 quique
501 2941 665 2993 aciem
703 2940 757 2994 in
796 2957 854 2994 se
892 2941 1148 3010 defigunt,
1186 2940 1283 2994 hos
1321 2958 1504 2995 caecos
1541 2942 1681 2996 facit.

825 3128 1570 3224 AmPOAIZIA

1177 3276 1218 3327 1.

262 3364 536 3415 Amantem
573 3363 618 3415 si
653 3363 769 3429 quis
806 3370 982 3417 mente
1019 3365 1187 3417 credit
1224 3367 1534 3433 praeditum,

257 3453 347 3503 ubi
384 3452 476 3505 ille
513 3467 689 3505 rerum
735 3452 981 3518 inveniet,
1018 3470 1231 3522 quaeso,
1267 3456 1587 3509 amentiam?
