2202 3918
294 237 398 287 77⁰
550 268 553 269 ν
879 306 885 308 ἓ
1028 229 1403 292 mammon:

933 369 991 418 H
1028 368 1169 427 Af)
1216 369 1267 419 Κ
1303 368 1335 419 1
1377 366 1418 420 O
1459 370 1527 423 Ν.

1206 459 1246 509 l.

300 554 355 603 ln
397 567 573 602 aurem
612 555 884 615 utramque
923 547 1052 599 dote·
1082 546 1223 599 freta
1258 546 1446 612 dapsili

300 639 561 700 dormibit,
598 654 759 706 opere
798 642 977 688 exacto
1018 635 1459 689 commemorabili

301 733 354 779 et
389 727 637 795 glorioso,
675 728 868 794 quippe
907 741 1039 791 quae
1077 725 1233 776 eiecit
1270 724 1424 774 domo

301 817 486 867 victrix
525 832 637 867 eam
677 832 828 881 quam
867 815 1031 865 voluit
1061 812 1440 864 adversariam:

301 906 544 956 nimirum
582 909 640 955 ut
677 905 817 955 illam
855 905 956 954 iam
993 918 1175 975 omnes
1212 900 1455 966 aequales
1492 915 1616 952 suae

307 993 611 1060 suspiciant,
643 996 799 1060 atque
838 991 1061 1044 emineat
1098 992 1150 1042 in
1190 997 1299 1042 toto
1337 1008 1499 1059 grege

304 1097 422 1133 mea
460 1081 666 1131 (lomina
704 1086 872 1131 sumta
908 1081 1080 1131 vultus
1118 1080 1455 1131 celsitudine:

303 1169 443 1241 quod
478 1169 671 1219 assolet
708 1169 827 1231 dici,
866 1169 1042 1219 asinus
1078 1170 1216 1218 inter
1251 1170 1439 1219 simias.

305 1258 462 1308 silere
498 1257 661 1307 satius
699 1263 920 1307 noctem.
943 1271 1076 1321 quae
1116 1261 1192 1306 tot
1229 1258 1453 1307 miseriis

304 1346 508 1397 initium
546 1344 690 1395 fecit.
764 1345 853 1394 hei
893 1343 1037 1405 mihi,
1075 1344 1216 1409 quod
1252 1345 1562 1411 Oreobylam

306 1435 634 1501 Creobylam,
674 1433 985 1499 Creobylam
1024 1447 1125 1482 una
1162 1448 1279 1483 cum
1319 1433 1500 1484 decem

307 1524 422 1590 cepi
460 1522 667 1573 talentis
705 1521 982 1574 cubitalem
1020 1521 1413 1574 mulierculam!

311 1619 361 1662 et
399 1612 489 1662 illa
527 1610 655 1661 ferri
693 1611 830 1677 potis
867 1615 950 1662 est
986 1610 1290 1662 insultatio?

310 1716 430 1761 non,
469 1716 565 1765 per
606 1700 779 1750 lovem
818 1715 878 1750 ac
917 1699 1229 1762 Minervam,
1267 1715 1590 1766 nequaquam
1629 1702 1828 1767 potest!

310 1787 554 1837 ancillula
591 1787 721 1837 adeo
759 1787 957 1849 sedula,
995 1788 1153 1837 verbo
1191 1788 1433 1849 celerior,

311 1880 490 1926 exacta
527 1880 631 1937 est3
671 1879 799 1926 esto.
874 1874 968 1926 sed
1005 1890 1157 1942 quam
1196 1876 1474 1927 substituat
1510 1877 1645 1928 vide.

1204 1964 1270 2014 11.

562 2054 623 2105 A.
665 2051 902 2102 Dotatam
943 2050 1063 2102 duxi
1104 2051 1361 2104 Lamiam:
1403 2069 1505 2104 non
1544 2051 1648 2104 dixi
1685 2052 1815 2103 tibi?

311 2142 372 2193 B.
410 2142 528 2193 Non
566 2140 822 2207 equidem.
897 2141 958 2191 A.
998 2141 1267 2191 Dominam
1305 2143 1453 2194 istius
1492 2158 1644 2209 quam
1682 2143 1850 2194 cernis
1887 2143 2087 2206 domus,

313 2237 366 2280 et
403 2244 646 2296 agrorum
685 2229 925 2278 illorum:
973 2234 1030 2278 ut
1066 2229 1207 2279 illam
1243 2233 1550 2298 acciperem,
1589 2231 1719 2282 haec
1756 2233 1938 2300 accepi
1971 2233 2157 2283 omnia.

310 2319 370 2369 Β.
409 2318 606 2368 Malum
643 2317 779 2366 inter
815 2318 1006 2383 gravia,
1045 2334 1140 2383 per
1170 2320 1308 2370 Deos
1346 2319 1719 2387 gravissimum.

312 2409 373 2457 A.
414 2406 640 2456 Molesta
679 2411 758 2454 est
797 2406 887 2455 illa
925 2409 1139 2468 cunctiS,
1177 2423 1279 2457 non
1319 2414 1516 2458 tantum
1555 2409 1699 2470 mihi,

312 2498 469 2559 gnato
509 2492 776 2558 magisque
812 2499 1016 2559 gnatae.
1089 2494 1150 2544 B.
1192 2495 1285 2546 Vix
1324 2495 1593 2547 tolerabile
1633 2504 1712 2547 est
2161 2485 2168 2532 ί

248 2648 251 2651 ι
315 2582 450 2647 quod
491 2597 762 2631 memoras.
838 2584 897 2632 A.
940 2582 1066 2632 Plus
1105 2587 1184 2633 sat
1220 2583 1406 2634 sentio.
2157 2575 2202 2642 ’ᾗ

1204 2670 1291 2722 IV.

238 2747 240 2749 ¹
312 2759 361 2809 ls
401 2759 609 2808 demum
648 2757 1014 2819 infortunatus,
1053 2759 1105 2809 in
1146 2762 1378 2825 egestate
1417 2761 1504 2825 qui

308 2863 521 2897 uxorem
562 2836 725 2907 ducit,
758 2846 1034 2912 educitque
1072 2847 1296 2896 liberos:

316 2935 381 2985 ah
421 2935 634 2984 demens
672 2935 760 3000 qui
797 2952 894 2985 nec
932 2935 1187 3002 praesidia
1222 2935 1275 2985 in
1314 2951 1561 3001 praesens
1600 2936 1774 3000 habet,

315 3039 429 3084 nec,
468 3023 512 3072 si
548 3023 688 3088 quid,
728 3030 783 3075 ut
820 3023 925 3073 fert
962 3024 1088 3086 vita„
1118 3039 1269 3074 secus
1307 3025 1556 3087 evenerit,

316 3112 474 3166 habet
511 3111 920 3177 integumentum
967 3128 1067 3178 quo
1105 3111 1294 3162 famam
1334 3113 1558 3163 occultet
1597 3131 1767 3168 suam:

316 3200 411 3249 sed
449 3200 638 3249 misere
675 3205 896 3249 aetatem
936 3200 1077 3266 degit
1115 3201 1319 3262 nudam,
1358 3202 1647 3265 obnoxiam,

314 3288 702 3353 importuosam,
742 3303 952 3354 compos
990 3289 1230 3340 tristitiae
1269 3296 1321 3339 et
1359 3292 1496 3354 mali,

311 3376 405 3425 aed
442 3375 669 3425 omnium
710 3392 894 3441 expers
933 3376 1230 3428 deliciarum
1270 3383 1322 3428 et
1358 3379 1548 3444 gaudii.

305 3463 381 3512 sic
417 3478 515 3530 ego
555 3462 738 3514 dolens
777 3465 828 3515 iu
867 3480 988 3528 uno,
1028 3466 1094 3517 do
1133 3466 1324 3518 monita
1359 3468 1614 3519 omnibus.

2142 3171 2164 3216 Ὦ
2145 3068 2167 3129 niu·-
2155 2984 2169 3026 Q
2158 2900 2169 2937 υ
