2202 3918
223 183 330 234 366
953 179 1333 234 MENANDm

223 323 373 376 tuitss’
414 321 723 375 Schneider.
778 351 847 362 -—
907 322 994 373 Vs.
1035 321 1140 371 212
1177 320 1351 372 addidi
1388 317 1460 374 δέ.
1513 353 1580 363 —-
1624 322 1716 374 Vs.
1754 322 1860 373 217
1897 322 2072 377 Guelf.

223 418 278 463 et
315 411 469 464 vind.
499 413 534 462 3
570 406 724 478 παρὰ
759 404 968 474 καιρόν.
1003 438 1075 448 —-
1114 409 1329 461 Vs.218
1363 410 1609 471 „initium
1647 412 1698 461 in
1738 412 1852 462 cod.
1891 412 2073 464 deest:

225 502 486 566 supplevit
524 500 799 552 Anthimus
839 497 1060 548 Gazes.''
1100 495 1409 547 Schneider.
1450 528 1517 537 ——
1548 500 1642 559 ¹Vs.
1667 501 1769 550 221
1809 501 2000 563 „Vind.
2039 502 2074 552 3

221 580 258 648 ἢ
295 585 386 638 δεῖ
414 585 630 638 σιωπᾶν
666 578 703 646 ἢ
740 582 913 648 λέγειν
947 577 1232 650 ἀμείνονα.
1300 586 1387 635 Sic
1425 586 1578 635 etiam
1617 587 1797 638 Aldus.
1856 588 2069 639 Schnei-

222 676 349 727 dero
402 655 581 727 versus
636 675 840 724 vitiatus
893 674 1101 724 videtur
1150 690 1210 723 ex
1263 672 1435 723 edito:
1485 671 1730 739 κρεῖττον
1777 673 1991 726 σιωπᾶν
2038 667 2076 738 ἢ

220 761 406 812 λαλεῖν
443 757 484 811 οἳ
524 758 600 828 μὴ
641 760 850 830 πρέπει.
891 794 957 802 -—
1000 762 1088 813 Vs,
1127 762 1230 810 222
1270 762 1459 827 „vulgo
1500 766 1580 811 est
1616 759 1836 821 πολλοῖς
1876 758 2073 833 ἁπόκρ.

219 845 255 913 ἡ
294 867 344 901 σ.
381 844 650 917 τυγχάνει.
742 851 894 902 vind.
933 853 968 901 2
1019 850 1171 900 dabat
1219 844 1253 911 ἡ
1291 845 1471 911 σιωπή
1515 848 1628 909 τοῖς
1666 847 1887 909 πολλοῖς
1931 845 2075 902 ἁπό-

218 933 395 1006 κρισίς
432 939 598 988 ἐστιν.
674 941 829 992 Vind.
869 939 897 989 1
949 939 1122 989 omisit
1169 934 1338 988 ἐστιν.
1424 939 1600 990 Gueif.
1640 941 1784 1000 (eum
1823 939 1978 992 Vind.
2013 941 2074 1004 3)

220 1028 310 1079 dat
344 1020 378 1088 ἡ
419 1022 523 1095 γὰρ
561 1043 615 1077 σ.
652 1026 766 1086 τοῖς
805 1027 1001 1093 σοφοῖς
1038 1020 1373 1093 ὑπόκρισις.”
1413 1026 1723 1080 Schneider.
1763 1061 1829 1069 —-
1858 1029 1947 1081 Vs.
1967 1027 2073 1080 225

222 1108 347 1164 πόει
386 1116 501 1166 cod.
541 1117 891 1166 Boissonadus
930 1115 1124 1166 Aneed.
1168 1116 1187 1165 1
1226 1133 1276 1181 p.
1321 1115 1438 1166 155.
1490 1146 1559 1156 ——-
1597 1115 1683 1168 Vs.
1726 1117 1831 1165 227
1879 1117 2071 1168 retinui

219 1203 334 1255 cod.
385 1203 682 1254 lectionem.
760 1205 948 1255 Editur
996 1197 1158 1252 πενία
1198 1198 1253 1250 δ’
1288 1195 1614 1270 ἀγνώμονάς
1663 1220 1720 1268 γε
1772 1198 1903 1263 τούς
1938 1205 2074 1254 πολ.-

216 1289 346 1351 λους
401 1294 561 1342 ποιεῖ.
636 1293 860 1345 Videant
911 1293 1013 1342 alii.
1071 1320 1142 1328 —-
1198 1291 1290 1342 Vn.
1341 1293 1445 1342 229
1502 1297 1778 1358 „tanquam
1833 1309 1865 1343 a
1920 1293 2073 1345 Chri-

215 1381 382 1432 stiano
423 1380 716 1446 profectum
755 1381 1051 1447 reprobavit
1084 1381 1395 1443 BrunekiuS‚
1433 1382 1588 1432 etiam
1627 1383 1750 1432 olim
1782 1383 1848 1433 H.
1890 1382 2069 1448 steph.

214 1486 264 1535 p.
303 1470 425 1519 264.
479 1470 566 1534 qui
617 1471 924 1536 scripturam
971 1462 1182 1528 εὐθέως
1227 1470 1691 1520 commemoravit.’'
1765 1470 2070 1523 Schneider.

215 1557 318 1608 Pro
370 1553 580 1616 ε’νθέως
631 1559 744 1608 cod.
799 1559 1036 1609 Boissou.
1086 1562 1182 1611 An.
1223 1558 1245 1606 1
1293 1576 1343 1624 p.
1384 1557 1487 1607 155
1536 1552 1679 1607 κατὰ
1725 1553 1950 1624 τρόπον.
1999 1590 2072 1600 —-

213 1647 302 1698 Vs,
328 1647 428 1696 231
472 1641 658 1712 τρίτον
692 1642 863 1695 κακὸν
900 1647 1095 1712 optime
1131 1646 1280 1697 Vind.
1309 1647 1334 1695 1
1378 1652 1430 1696 et
1468 1649 1516 1696 2.
1592 1647 1839 1698 Similiter
1860 1646 2070 1698 Vind.4

211 1730 382 1784 κακὸν
433 1730 635 1802 τρίτον.
723 1734 898 1787 Guelf.
951 1741 1004 1785 et
1051 1735 1203 1787 Vind.
1245 1736 1278 1784 3
1327 1732 1421 1782 καὶ
1471 1730 1657 1802 τρίτον
1697 1731 1833 1799 γυνὴ
1881 1730 2070 1797 κακόν,
2163 1730 2178 1812 ,⁸⁴

211 1823 437 1874 fortasse
471 1824 561 1874 illo
603 1825 909 1891 elegantius.
986 1823 1156 1891 Vulgo
1197 1823 1368 1874 editur
1405 1819 1544 1872 κακὰ
1580 1820 1736 1891 τρία,
1777 1825 1914 1890 quod
1957 1842 2070 1876 mo-
2163 1816 2179 1859 ’ἶ

209 1918 356 1961 verat
393 1913 753 1963 Hermannum
803 1913 940 1979 apud
982 1912 1308 1962 Erfurdtium
1359 1913 1423 1962 ad
1470 1913 1633 1978 Soph.
1673 1915 1813 1964 Aiac.
1854 1930 1904 1979 p.
1943 1915 2067 1965 630.

210 2006 268 2050 ut
302 2001 660 2065 iambographi
700 2002 841 2050 hunc
878 2016 1084 2050 versum
1124 2015 1242 2049 esse
1282 2001 1649 2066 suspicaretur.
1706 2028 1778 2037 —-
1834 2003 1922 2053 Vs.
1960 2003 2068 2052 234
2171 2014 2175 2053 5

209 2077 363 2147 ὅστις
400 2091 582 2155 scripsi
622 2106 717 2156 pro
755 2079 842 2138 ὅτι
881 2088 1097 2139 exeod.
1137 2088 1301 2138 Boiss.
1335 2089 1478 2139 An.1
1516 2089 1705 2155 p.155.
1745 2117 1818 2126 ·--
1852 2090 1940 2142 Vs.
1963 2090 2068 2140 236

207 2178 422 2240 „editus
459 2172 661 2237 πάντες
696 2174 876 2236 καλῶς
913 2173 1010 2238 ζῆν
1044 2174 1112 2226 θ.
1151 2168 1274 2224 ἀλλ’
1317 2168 1381 2224 οὐ
1423 2173 1471 2226 δ.
1547 2178 1795 2229 Nostrum
1833 2177 2068 2229 ordinem

208 2266 369 2316 habet
405 2272 627 2332 uterque
667 2268 722 2327 (l
760 2271 812 2317 et
848 2268 907 2329 2)
948 2265 1134 2317 Vind.’'
1169 2265 1477 2318 Schneider.
1524 2299 1594 2309 ——-
1643 2267 1730 2319 Vs.
1773 2266 1878 2316 237
1915 2267 2065 2330 „edi-

209 2360 293 2404 tus
340 2351 629 2421 συνεργῶν.
714 2353 897 2411 Guelf.
935 2356 1018 2418 [et
1056 2354 1206 2405 vind.
1244 2354 1306 2417 3]
1357 2351 1502 2402 θεοῦ
1549 2351 1813 2420 συνεργοῦ
1856 2350 2066 2406 habet.'-'
2164 2399 2166 2404 .

207 2441 514 2493 Schneider.
553 2470 623 2478 —-
660 2442 749 2494 Vs.
789 2443 894 2492 238
930 2443 1125 2505 „habet
1160 2443 1256 2492 sub
1295 2443 1634 2507 Dicaeogenis
1673 2445 1881 2494 nomine
1920 2445 2063 2495 Stob.

207 2532 373 2583 Serm.
415 2531 629 2582 LXXIX
666 2549 715 2599 p.
755 2532 858 2581 341
901 2531 990 2582 Gr.
1035 2531 1124 2581 ubi
1161 2525 1301 2589 θεὸς
1335 2529 1620 2596 μέγιστος,
1673 2537 1729 2580 ut
1767 2532 1908 2583 dedit
1946 2549 2065 2585 cum
2151 2590 2171 2601 ,κ

191 2621 344 2671 'edito
367 2621 590 2671 Brunck.
629 2622 877 2672 Nostrum
903 2621 1054 2673 Vind.
1078 2621 1123 2669 1.
1146 2620 1229 2670 2.”
1262 2619 1568 2670 Schneider.
1609 2621 1824 2670 Accedit
1843 2621 1996 2671 etiam
2012 2621 2062 2672 3.

203 2741 271 2750 —
311 2711 398 2760 Vs,
439 2710 544 2759 239
583 2709 735 2760 vind.
775 2710 809 2759 3
847 2703 1105 2776 θόρυβον
1142 2700 1374 2773 ὀχλώδη.
1415 2741 1484 2749 -
1522 2707 1610 2759 Vs.
1650 2708 1755 2758 240
1793 2713 1872 2758 est
1909 2710 2064 2760 etiam

206 2798 344 2863 apud
383 2798 603 2863 Gregor.
645 2798 907 2858 Nazianz.,
946 2801 1159 2847 notante
1198 2796 1536 2847 Schneidero.
1579 2828 1648 2837 —-
1683 2798 1774 2849 Vs.
1813 2797 1922 2846 243
1959 2798 2063 2848 De·
2168 2792 2169 2795 ¹

201 2887 422 2935 monacti
462 2887 704 2936 tribuitur
742 2903 772 2935 a
809 2887 1142 2937 Stob.Serm.
1173 2886 1318 2936 xxu
1361 2887 1442 2936 16.
1483 2885 1571 2936 ubi
1609 2886 1795 2936 versus*
1825 2887 1895 2936 ita
1933 2889 2061 2937 seri·

203 2982 324 3040 ptus
362 2975 599 3040 iegitur,
653 2981 711 3025 ut
748 2975 1006 3025 Brunokio
1045 2980 1331 3040 praeeunte
1373 2990 1492 3025 eum
1541 2975 1813 3024 edidimus.
1888 2975 2062 3042 Vulgo
2164 2974 2167 3009 s

200 3057 416 3122 θνητὸς
464 3059 715 3128 πεφυκώς
764 3059 842 3128 μὴ
892 3059 1100 3132 φρονῇς
1161 3057 1430 3127 ὑπέρθεα.
1527 3062 1620 3112 Cfr
1675 3062 1944 3114 Schaefer.
1997 3063 2062 3112 ad
2162 3108 2163 3113 ,

204 3152 452 3202 Brunckii
493 3153 589 3202 Gn.
631 3153 779 3203 Poet.
822 3169 869 3217 p.
892 3154 1015 3201 368.
1055 3183 1127 3191 —-
1166 3151 1253 3202 Vs.
1275 3151 1380 3200 246
1419 3150 1517 3200 nisi
1555 3152 1695 3201 aliud
1735 3152 1878 3212 latet,
1918 3157 2061 3201 certe

199 3233 264 3288 τό
301 3233 359 3304 γ’
388 3240 682 3306 legendum.
721 3268 794 3276 -—-
818 3242 906 3294 Vs.
930 3240 1036 3290 248
1073 3238 1374 3304 „vulgatum
1412 3233 1549 3299 κακὴ
1589 3234 1723 3302 γυνὴ
1763 3244 2062 3289 correxerat

199 3328 543 3379 B'runckius.''
583 3326 890 3380 Schneider.
948 3357 1019 3366 --
1078 3329 1168 3381 Vs.
1208 3327 1314 3377 249
1354 3328 1552 3378 Isidoro
1591 3328 1769 3378 tribuit
1807 3327 2061 3378 Stobaeus

199 3418 434 3470 Sermon.
474 3415 618 3468 XXII
669 3417 757 3466 27.
831 3445 900 3454 -
959 3417 1047 3469 Vs.
1088 3415 1196 3468 25⁰
1231 3414 1506 3483 legebatur
1553 3413 1698 3466 θεοῦ
1743 3409 1848 3481 γὰρ
1892 3413 2061 3483 χωρὶς
2156 3431 2157 3454 2

2182 608 2199 772 ,ἒ
