2202 3918
209 221 315 278 884
1008 219 1278 274 DlPHlLl

210 357 534 431 περιφέρειν.
606 363 677 415 Et
713 362 786 414 ita
823 361 1052 428 saepius.
1119 389 1190 402 --
1265 362 1354 415 Vs.
1390 365 1424 414 6
1461 356 1778 431 ἀναστομοῖ
1805 366 1868 417 Α.
1923 357 2062 415 ἄνα.

208 449 409 519 στομεῖ
439 449 594 505 PVL.
669 443 1036 521 τᾴσθητήρια
1074 467 1170 518 pro
1207 441 1593 519 ταῖσθητήρια
1630 454 1945 507 Dindorfius.
1990 484 2062 499 --

207 543 299 599 Vs.
335 540 370 592 7
407 535 903 608 κατημβλιωμένον
939 542 1000 592 Β.
1053 536 1559 607 κατημβλυμμὲνον
1598 541 1656 593 C.

1092 681 1189 734 111.

725 771 868 835 Εἶτα
904 783 1160 853 μαλακὸν
1195 772 1239 837 ὦ
1279 778 1513 850 δύστην’
1555 781 1707 855 ἔχεις,

438 884 767 976 ,σκευάριοις
807 887 1174 961 ἕκπιυμάτιον,
1212 889 1561 964 ἀργυρίδιον·

451 992 551 1050 οὐκ
587 995 855 1068 ἐκδραμεῖ
883 997 1072 1068 λαβών
1108 1000 1233 1054 τοδὶ
1265 998 1455 1062 δώσεις
1491 995 1543 1050 τ’
1582 995 1708 1068 ε’μοί

451 1101 944 1175 παρακαταθήκην
957 1129 972 1174 ,-

341 1220 527 1272 Pollux
564 1220 612 1271 X
663 1221 758 1273 12·
812 1218 1054 1272 ἐκαλεῖτο
1110 1218 1170 1272 δὲ
1223 1217 1403 1273 ταῦτα
1455 1221 1826 1286 (domesticam
1878 1221 2056 1290 supel-

199 1311 427 1373 lectilem
469 1308 634 1374 dicit)
691 1302 801 1359 ὑπὸ
850 1307 961 1359 τῶν
1007 1309 1281 1394 νεωτέρων
1316 1311 1412 1363 καὶ
1446 1304 1699 1380 μαλακά,
1743 1301 1930 1380 ὥσπερ
1972 1303 2059 1362 εὖ·

195 1393 619 1470 μεταχείριστα,
654 1416 728 1459 ως
763 1384 880 1449 εἷπε
919 1398 1253 1472 Μένανδρος
1291 1435 1360 1449 —-
1396 1400 1492 1452 καὶ
1527 1396 1759 1470 Δίφιλος
1786 1397 1845 1451 ἐν
1876 1394 2056 1451 ’-Απο

193 1483 432 1558 λιπούσῃ
476 1473 620 1536 Εἶτα
668 1483 926 1553 μαλακὸν
974 1507 1014 1539 ω
1057 1484 1289 1555 δύστην’
1331 1486 1481 1559 ἔχεις,
1520 1484 1830 1556 σκευάριον,
1881 1485 2056 1539 ἐκπω-

193 1571 422 1647 μάτιον,
484 1567 831 1645 αργυρίδιον,
878 1572 1134 1648 ἐκδράμει
1169 1578 1360 1646 λαβών
1395 1575 1520 1630 τόδε
1559 1573 1750 1640 δώσεις
1786 1575 1910 1644 ἐμοὶ
1945 1595 2056 1629 πα-

195 1660 622 1737 ρακαταθήκην.
700 1666 778 1718 lta
816 1665 999 1721 Aldus.
1094 1669 1182 1723 Vs.
1220 1670 1255 1720 3
1304 1685 1421 1720 cum
1472 1670 1712 1721 Bentleio
1765 1667 1932 1734 Epist.
1987 1668 2056 1719 ad

193 1755 498 1810 Hemsterh.
538 1754 587 1805 11
637 1771 689 1822 p.
730 1756 801 1806 50
849 1758 1034 1825 scripsi
1082 1749 1182 1808 οῦκ
1226 1754 1498 1826 ἐκδραμεῖ.
1589 1758 1733 1808 Idem
1781 1751 1908 1805 τόδε
1958 1755 2054 1806 καὶ
2096 1785 2100 1794 -

199 1842 393 1905 δώσεις
440 1836 579 1911 ἐμοί.
662 1845 971 1912 Elegantius
1020 1846 1149 1898 mihi
1193 1849 1359 1899 visum
1407 1854 1488 1899 est
1534 1841 1686 1906 τοδί,
1750 1837 1943 1906 δώσεις
1984 1838 2052 1907 τ’,

190 1931 344 2004 ἐμοί,
380 1939 437 1986 ut
474 1931 639 1984 voluit
676 1934 831 1986 etiam
869 1935 1138 1988 Hanovius
1174 1938 1363 1989 Exere.
1403 1938 1516 1989 erit.
1555 1954 1605 2004 p.
1648 1935 1771 1987 140.

729 2199 1527 2259 BAAANEJON.-

1095 2346 1135 2397 1.

280 2442 526 2517 ''nyeov
559 2444 798 2516 μεστήν·
834 2446 899 2503 τὸ
936 2448 1158 2516 θνητὸν
1194 2445 1554 2520 περικάλυπτε
1593 2446 1668 2522 τῷ
1703 2446 1853 2522 θεῷ·

288 2554 443 2606 πῖθι.
480 2553 659 2608 ταῦτα
696 2553 801 2627 γὰρ
838 2553 975 2627 παρ’
1016 2552 1174 2626 ἡμῶν
1212 2555 1340 2619 Διὸς
1377 2553 1661 2627 ἑταιρείου,
1701 2553 1890 2629 πάτερ.

323 2671 626 2725 Athenaeus
677 2674 725 2725 X
779 2689 831 2739 p.
872 2673 979 2723 446
998 2673 1049 2725 d.
1104 2673 1171 2724 de
1217 2688 1314 2724 usu
1359 2672 1654 2739 imperativi
1700 2671 1838 2724 πῖθι
1882 2675 2047 2727 disse-

179 2775 301 2811 rens
323 2777 339 2810 ε
376 2759 472 2810 καὶ
509 2757 742 2830 Δίφιλος
777 2758 837 2811 ἐν
868 2756 1164 2831 Βαλανείῳ
1188 2753 1424 2828 ”Εγχεον
1458 2759 1572 2814 κτλ.
1647 2763 1736 2815 Vs,
1773 2764 1802 2813 1
1862 2759 2048 2831 ἔγχεον
2069 2807 2087 2814 ε

183 2848 401 2900 Grotius
441 2851 566 2903 Exc.
605 2869 658 2919 p.
697 2851 804 2904 785
841 2868 936 2919 pro
975 2845 1174 2918 ἔκχεον.
1259 2853 1406 2917 Quae
1451 2856 1741 2916 sequuntur
1786 2853 1946 2904 verba
1982 2847 2045 2902 τὸ

177 2932 401 2998 θνητὸν
437 2935 802 3006 περικάλυπτε
836 2936 915 3011 τῷ
949 2937 1086 3010 θεῷ,
1135 2940 1347 2991 Grotius
1404 2940 1588 2990 vertit:
1636 2941 1860 2993 mortale
1909 2943 2049 3009 quod

177 3028 262 3077 tui
299 3033 380 3077 est
416 3028 575 3095 imple
611 3031 730 3082 deo.
770 3030 985 3082 Malim:
1022 3029 1298 3080 mortalem
1334 3035 1584 3079 naturam
1620 3030 1913 3081 immortali
1946 3032 2043 3083 deo

177 3115 408 3178 obvolve,
443 3117 479 3167 i.
503 3134 562 3170 e.
585 3119 705 3170 bibe
743 3126 796 3170 et
833 3120 1155 3170 oblivescere
1196 3125 1249 3168 te
1274 3119 1547 3168 mortalem
1586 3125 1762 3170 natum
1796 3136 1930 3171 esse.
1973 3150 2041 3161 —-

177 3203 270 3257 vs.
315 3205 350 3255 2
389 3198 526 3271 παρ’
567 3208 765 3259 addidit
802 3208 1065 3265 lacobsius
1102 3206 1276 3259 Addit.
1316 3223 1367 3272 p.
1405 3208 1527 3260 239.
1577 3207 1663 3273 qui
1712 3207 1851 3273 quod
1889 3223 2039 3273 prae-

169 3298 315 3344 terea
344 3296 618 3361 proposuit
662 3293 824 3346 τοῦτο
862 3302 914 3348 et
951 3291 1134 3364 πατὴρ
1170 3295 1275 3346 hoc
1308 3311 1496 3346 sensu:
1533 3295 1630 3345 Ιιοο
1667 3298 1808 3346 enim
1846 3298 2037 3347 amici-

166 3383 303 3433 tiam
335 3382 544 3450 gignit,
591 3399 694 3435 non
745 3384 1094 3437 necessarium
1131 3383 1355 3435 videtur.
1453 3384 1509 3435 Si
1548 3383 1674 3449 quid
1710 3384 2035 3447 mutandum,

173 3469 350 3523 malim
388 3464 524 3540 παρ’
564 3465 714 3539 ἡμῖν,
752 3478 811 3525 ut
849 3472 1141 3526 meretricis
1177 3471 1242 3523 ad
1285 3471 1559 3524 barbarum
1596 3472 1753 3524 verba
1803 3474 1936 3537 sint,
1984 3475 2039 3525 in

2171 391 2194 728 ἐ

2180 732 2191 791 3
