2202 3918
205 140 310 240 462
968 180 1306 235 ANAXIPPI

206 326 302 380 cn·
339 323 631 378 Menander
668 341 716 392 p.
761 326 893 376 139:
944 321 1244 390 φιλοσοφεῖ
1278 320 1335 374 δὲ
1375 317 1543 373 τοῦθ’
1587 311 1733 382 ὅπως
1767 318 2051 391 καταπρά-

205 411 356 478 §etat
393 407 492 462 τὸν
526 406 721 480 γάμον.
780 443 848 452 --
899 413 987 466 Vs.
1025 414 1095 463 22
1134 407 1326 475 καινὰ]
1367 407 1542 461 πολλὰ
1581 412 1639 463 Ρ.
1692 412 1829 463 Tum
1868 415 2056 462 παπαῖ

204 517 299 569 pro
340 499 527 550 παπαὶ
565 501 881 553 Dindorfius.
933 529 1001 539 -
1056 501 1143 551 Vs.
1183 500 1255 551 25
1291 494 1359 548 τὰ
1396 517 1425 549 a
1463 500 1767 551 Casaubono
1806 501 2055 553 additum.

203 619 273 631 -—
312 590 402 642 Vs.
441 591 509 640 26
547 590 664 639 libri
702 584 894 638 οὐθέν.
968 589 1099 639 Ibid.
1134 580 1492 654 χονδρεύουσι
1527 588 1680 638 ΑΒΡ.
1723 583 2057 655 χονδρεύου-

203 691 294 727 σοι
331 677 439 729 VL.
515 677 850 729 Gasaubouus
883 672 1054 743 χοροῦ
1090 691 1180 726 σοι
1218 677 1300 727 vel
1337 669 1689 740 κιθαριστοῦ.
1748 678 2053 744 Aspendias

205 765 492 816 citharista
544 766 943 830 proverbialiter
1000 766 1269 816 dicebatur
1316 764 1403 831 qui
1446 763 1683 813 fraudem
1731 767 2054 817 commissam

200 854 517 914 occultaret,
556 858 643 904 aut
680 852 767 919 qui
805 854 911 904 suis
948 855 1230 905 commodis
1268 854 1421 904 unice
1458 851 1780 915 consuleret,
1820 853 1886 904 de
1923 855 2050 906 alie-

200 941 280 992 nis
335 956 567 990 securus,
661 940 929 1007 Origincm
968 942 1227 1008 proverbii
1266 944 1459 1008 optime
1497 941 1776 991 declaravit
1816 942 2050 995 Pseudo-

200 1028 456 1079 Asconius
507 1028 571 1077 ad
613 1028 780 1080 Cicer.
825 1030 872 1079 11
914 1030 1064 1083 Vcrr.
1106 1031 1126 1080 1
1166 1032 1235 1080 20
1271 1030 1371 1080 53:
1424 1046 1577 1097 quam
1629 1035 1829 1079 canant
1877 1031 2050 1081 citha-

201 1117 372 1166 ristae
419 1117 694 1183 utriusque
739 1133 926 1167 manus
978 1120 1286 1186 fungantur
1344 1119 1552 1184 officio:
1605 1117 1796 1166 dea-tra
1846 1117 2051 1184 plectro

198 1205 390 1265 utitur,
429 1210 483 1253 et
503 1203 600 1253 hoc
638 1211 719 1254 est
744 1207 888 1270 soris
926 1221 1131 1268 canere,
1167 1208 1421 1257 sinistrae
1445 1205 1639 1272 digitis
1676 1204 1899 1255 chordas
1931 1221 2050 1256 car-

189 1298 346 1357 punt,
385 1297 439 1341 et
475 1291 575 1341 hoc
611 1300 692 1343 est
729 1295 875 1343 intus
914 1311 1118 1344 canere.
1185 1295 1411 1362 difficile
1447 1300 1626 1344 autem
1663 1292 1803 1360 qaod
1836 1292 2046 1360 Aspen-

195 1378 317 1429 dius
372 1380 661 1431 citharista
703 1382 982 1448 faciebat,
1039 1390 1100 1432 at
1150 1399 1256 1434 non
1307 1388 1548 1435 uteretur
1602 1387 1766 1432 cantu
1819 1386 2045 1449 utraque

193 1484 383 1530 mana,
419 1468 516 1518 sed
551 1471 728 1520 omnia
778 1471 816 1521 i.
857 1488 901 1521 e.
954 1472 1255 1521 universam
1292 1472 1592 1522 cantionem
1639 1472 1786 1520 intas
1823 1475 1878 1519 et
1912 1471 2047 1520 sini-

193 1561 310 1605 stra
371 1562 582 1608 tantum
634 1575 797 1608 manu
841 1558 1289 1625 complecteretur.
1388 1560 1527 1608 unde
1573 1573 1747 1607 omnes
1793 1563 2048 1624 quotquot

182 1644 337 1709 sares
376 1652 531 1695 erant
568 1663 602 1695 a
642 1646 864 1697 Graecis
891 1647 1152 1712 Aspendii
1189 1646 1507 1697 citharistae
1543 1646 1873 1708 dicebantur,
1912 1646 2052 1713 quod

192 1738 256 1782 ut
291 1732 383 1782 ille
421 1735 691 1797 carminis,
729 1736 813 1784 ita
849 1737 947 1784 isti
972 1737 1244 1801 sartorum
1282 1734 1632 1785 occultatores
1670 1740 1839 1785 erant.
1905 1733 2051 1784 valet

192 1818 290 1869 hoc
322 1821 655 1886 proverbium
693 1830 748 1872 et
784 1824 842 1872 in
891 1839 1005 1884 eos,
1059 1824 1150 1889 qai
1193 1822 1413 1873 multam
1452 1825 1727 1873 intestinis
1761 1823 1872 1871 sais
1911 1837 2049 1871 com-

191 1908 362 1958 modis
420 1909 699 1960 consulant
747 1918 967 1978 praeter
1022 1911 1368 1961 honestatem.
1461 1911 1554 1960 Csr
1603 1914 1748 1962 Zeno
1799 1913 2049 1977 Myndius

196 1996 333 2062 apud
355 1998 554 2048 Zenob.
580 1998 627 2047 ll
667 1998 765 2049 30:
801 1993 1065 2064 καθάπερ
1103 1996 1159 2047 οὶ
1190 1992 1517 2048 Ἀσπένδιοι
1555 1995 1666 2046 ταῖν
1701 1996 2050 2066 κιθαριστῶν

199 2079 468 2147 οὐδεμίαν
505 2080 688 2154 φορὰν
722 2081 822 2150 ἔξω
862 2086 1092 2155 φέρουσι
1128 2091 1210 2152 *),
1259 2082 1442 2146 πάσας
1496 2083 1553 2135 δὲ
1591 2084 1743 2146 ἐντὸς
1780 2080 2045 2155 ὀργάνων,

192 2162 364 2231 οὕτως
400 2172 496 2222 καὶ
533 2168 564 2223 ὁ
601 2169 1011 2244 φιλοχρήματος
1047 2167 1175 2226 οὐδὲ
1213 2170 1322 2222 τῶν
1358 2172 1524 2235 πέλας
1562 2173 1716 2225 ἕνεκα
1753 2167 2045 2245 οἰκονομεῖ,

190 2258 327 2311 ἕλκει
364 2258 422 2310 δὲ
459 2255 553 2330 ἐφ’
594 2259 793 2313 ἑαυτὸν
829 2259 1030 2317 πάντα.
1122 2265 1354 2330 Apparet
1403 2271 1638 2316 neutram
1688 2266 1872 2317 harum
1922 2283 2044 2333 pro·-

187 2350 354 2400 verbii
408 2350 550 2400 illius
599 2352 997 2417 explicationum
1046 2358 1224 2402 nostro
1275 2353 1392 2403 loco
1432 2354 1866 2405 accommodatam
1907 2371 2040 2406 esse.

186 2440 256 2491 At
293 2438 461 2503 potuit
497 2438 635 2509 idem
675 2440 830 2490 etiam
870 2440 936 2490 de
987 2440 1050 2490 iis
1089 2439 1190 2489 dici
1230 2439 1316 2504 qui
1359 2440 1412 2489 in
1451 2442 1660 2506 negotio
1700 2442 1873 2506 aliquo
1912 2442 2043 2493 nihil

186 2526 508 2576 extrinsecus
547 2516 896 2590 adsumerent,
934 2531 1120 2594 suopte
1159 2528 1328 2577 omnia
1367 2533 1579 2594 agentes
1616 2529 1844 2595 ingenio.
1894 2533 2042 2596 Quae

183 2615 442 2665 sententia
497 2615 692 2681 optime
746 2618 899 2682 coqui
955 2617 1121 2667 nostri
1174 2616 1449 2668 iactantiae
1504 2618 1819 2668 conveniret.
1913 2619 2038 2670 Mox

184 2703 448 2754 Porsonus
487 2704 552 2754 ad
591 2705 762 2771 Toup.
804 2706 875 2758 1v
913 2722 964 2771 p.
1002 2704 1109 2755 505
1150 2697 1478 2772 διαφέροντ’
1516 2698 1873 2767 Ἀσπενδίου,
1912 2706 2038 2757 Din-

185 2792 384 2844 dorfius
426 2789 672 2861 διαςιέρω
711 2787 1062 2845 τάσπενδίου.
1124 2796 1356 2860 Quorum
1393 2799 1632 2845 neutrum
1671 2795 2038 2857 necessarium,

182 2879 416 2929 alterum>
442 2885 612 2932 tamen
652 2882 986 2948 probabilius.
1037 2913 1106 2920 --
1155 2882 1242 2933 Vs.
1282 2884 1354 2934 27
1392 2876 1582 2952 βούλῃ,
1622 2882 1683 2933 σὲ
1720 2883 2039 2949 Tyrwhittus

183 2968 250 3018 ad
288 2969 456 3034 Toup.
500 2968 570 3021 lV
610 2986 658 3034 p.
697 2970 802 3020 449
842 2986 934 3036 pro
974 2962 1279 3035 βούλησθε.
1357 3000 1423 3011 —-
1500 2972 1586 3024 Vs.
1625 2971 1695 3022 29
1732 2969 2038 3038 τεταγμένα

183 3057 337 3107 ABG.
394 3050 462 3107 τὰ
511 3051 797 3123 τεταγμέν’
842 3060 995 3111 PVL.
1071 3091 1138 3100 --
1213 3058 1302 3110 νε.
1341 3058 1410 3108 32
1458 3059 1576 3109 libri
1619 3054 1720 3121 τὴν
1756 3053 2038 3130 πατρῴαν.

179 3143 383 3194 Delevit
422 3145 697 3197 articulum
729 3148 981 3214 Toupius.
1023 3178 1089 3185 -
1129 3145 1216 3198 V.
1238 3147 1306 3197 36
1345 3151 1396 3196 et
1432 3147 1501 3197 37
1540 3147 1692 3198 affert
1729 3148 2036 3201 Eustathius

296 3351 342 3402 *)
381 3349 646 3406 Suspicabar
685 3344 895 3406 οὖδεμίαν
940 3350 1095 3410 νευρὰν
1147 3352 1223 3399 ἕξω
1264 3350 1485 3407 κρούουσί.
1563 3352 1650 3395 Sed
1698 3351 1842 3410 φορὰν
1889 3355 2033 3411 φέρειν

178 3423 312 3468 dictio
344 3423 540 3469 technica
568 3424 740 3470 videtur
771 3425 918 3481 fuisse,
946 3433 1065 3471 einen
1101 3431 1215 3479 GrIff
1238 3432 1350 3469 rhun.
