2202 3918
307 253 413 304 814
1036 243 1413 296 MENANDR!

450 391 572 444 Noli
609 391 721 456 ipse
759 386 923 439 laudis
960 386 1135 436 facere
1172 385 1265 434 tibi
1304 385 1654 451 praeconium.

449 483 471 510 *
514 480 708 530 Malum
748 482 826 527 est
861 474 1154 526 hominibus
1191 474 1465 523 maximum
1503 474 1794 527 insolentia.

448 571 472 596 *
511 567 727 632 Sapiens
765 582 868 616 non
895 563 1108 629 ,capitur
1144 561 1446 612 deliciarum
1485 563 1701 614 retibus·

449 656 601 707 Vitae
639 655 772 704 bona
813 654 932 714 duo,
974 651 1182 710 sanitas,
1220 649 1510 715 prudentia.

306 745 412 796 520
451 743 780 794 incolumitas
820 746 899 790 est
937 740 1168 805 corporis
1207 739 1371 788 nostri
1410 755 1588 805 sopor.

449 835 527 885 Ea
569 831 706 880 fator
744 833 897 893 atque
936 828 1077 876 disce
1115 842 1247 891 quae
1285 827 1449 891 pietas
1489 828 1688 891 probat.

447 921 616 986 Sopor
636 924 731 991 lest
768 906 1063 967 hom'inibus
1100 917 1213 982 ipsa
1251 917 1386 965 vitae
1426 916 1633 965 sanitas.

446 1013 469 1039 *
509 1009 758 1074 Magnum
797 1011 876 1055 est
912 1005 1120 1066 malum,
1158 1005 1507 1054 somniculose
1545 1005 1738 1055 vivere.

450 1097 528 1149 Ad
568 1096 731 1145 multa
770 1094 917 1159 cogit*
947 1109 1040 1143 nos
1078 1095 1358 1144 necessitas
1392 1093 1539 1142 mala.

288 1185 410 1237 ,525
447 1187 471 1214 *
510 1183 773 1232 Prudente
813 1189 960 1247 patre
998 1182 1190 1230 bonum
1227 1176 1332 1230 ‘non
1372 1181 1535 1229 maius
1574 1179 1699 1228 filio.

447 1271 569 1322 Tibi
605 1271 649 1320 si
687 1276 766 1319 est
803 1270 1172 1343 amieuffifsse
1209 1268 1510 1318 thesaurum
1549 1272 1692 1361 puga.

449 1362 504 1412 Si
542 1376 643 1410 non
682 1359 873 1408 laboris
913 1365 965 1408 te
1003 1357 1162 1423 piget,
1201 1357 1343 1407 vives
1380 1357 1531 1406 bene.

447 1447 604 1499 Haud
640 1448 778 1498 ullus
816 1447 902 1496 alii
940 1446 1227 1515 quam·sibi
1266 1451 1346 1495 est
1383 1444 1615 1495 amicior.

448 1536 682 1589 Amicum
721 1536 787 1585 ob
824 1535 953 1585 iram
991 1535 1240 1584 deserere
1278 1549 1401 1583 cave
1438 1532 1489 1583 in
1525 1533 1689 1584 malis.

304 1626 410 1677 530
447 1625 683 1676 Laedens
720 1624 913 1675 amicus
950 1624 1104 1674 distat
1141 1622 1347 1672 inimico
1387 1622 1533 1672 nihil.

446 1713 602 1765 Haud
641 1713 794 1763 facile
833 1717 1176 1763 commutatur
1210 1711 1477 1776 ingenium
1518 1709 1725 1759 malum.

448 1802 638 1852 Procul
676 1803 910 1866 voluptas
949 1801 1015 1849 sit
1052 1816 1112 1849 ea
1151 1814 1302 1862 quam
1340 1799 1529 1863 excipit
1567 1798 1734 1847 dolor.

447 1891 686 1942 Fidelem
724 1888 943 1938 amicum
982 1903 1049 1937 ne
1087 1887 1212 1936 time
1243 1886 1296 1934 in
1335 1886 1490 1934 rebus
1527 1885 1690 1934 malis,

447 1977 749 2044 Fugiendus
787 1976 947 2025 herus
989 1980 1070 2024 est
1108 1970 1332 2038 se'mper,
1370 1973 1446 2021 ira
1483 1972 1730 2038 percitus,

306 2068 415 2121 535
449 2068 630 2119 Mores
668 2064 819 2114 amici
857 2064 1082 2125 noveris,
1121 2077 1221 2111 non
1260 2061 1449 2110 oderis.

445 2158 468 2185 *
509 2154 803 2204 Constantis
842 2152 998 2202 animi
1037 2148 1178 2201 nu'na
1217 2164 1441 2214 unquam
1480 2155 1558 2201 est
1595 2150 1899 2202 consumtio.

447 2247 471 2274 *
510 2244 706 2293 Probas
746 2242 984 2303 amicum,
1024 2241 1087 2290 ab
1127 2257 1207 2296 eo,
1228 2240 1271 2290 i
1310 2242 1467 2308 longe
1505 2240 1693 2290 absies.

446 2335 643 2384 Aurum
682 2331 852 2380 omnia
887 2330 1072 2395 aperit,
1110 2325 1337 2379 inferum
1376 2334 1552 2394 portas
1590 2343 1815 2395 quoque.

443 2421 574 2470 Nam
611 2422 750 2469 terra
789 2419 945 2469 donat
981 2433 1041 2467 ac
1077 2418 1316 2466 resorbet
1354 2413 1541 2466 omnia.

301 2507 408 2558 540
443 2510 467 2538 *
504 2507 701 2557 Mulier
737 2507 918 2555 marito
958 2492 1108 2555 saeva
1146 2509 1424 2569 tempestas
1463 2504 1621 2554 domi.

442 2595 559 2646 Non
598 2596 759 2644 ullum
797 2595 908 2644 sine
947 2594 1165 2643 muliere
1197 2592 1257 2640 fit
1294 2591 1484 2642 malum
1521 2592 1650 2642 viro.

442 2669 560 2734 Non
599 2684 901 2733 vulneratur
939 2682 1017 2731 vir
1055 2681 1219 2730 bonus
1258 2681 1417 2729 verbo
1453 2681 1709 2746 improbo.

443 2771 671 2835 Digitum
710 2770 898 2820 lavabit
936 2769 1144 2835 digitus,
1186 2773 1238 2818 et
1275 2784 1481 2818 manum
1523 2784 1722 2819 manus*

442 2864 464 2887 *
506 2843 623 2909 Non
660 2859 812 2908 decet
847 2859 898 2908 in
937 2859 1093 2907 rebus
1132 2873 1250 2906 esse
1287 2857 1478 2906 laetum
1518 2858 1767 2923 turpibus.

298 2947 403 2997 545
444 2948 667 3011 Diesque
704 2948 840 2996 celat
876 2946 1046 2995 omnia
1083 2950 1239 3009 atque
1278 2945 1557 2995 oblitterat.

442 3041 463 3065 *
505 3037 699 3085 Doceat
737 3042 789 3084 te
828 3039 1034 3100 oportet
1074 3034 1150 3083 vir
1188 3034 1382 3098 probus
1417 3033 1740 3099 sapientiam.

445 3124 541 3173 Diu
581 3123 744 3173 latere
783 3139 884 3172 non
924 3128 1120 3187 queunt
1157 3122 1437 3171 mendacia.

444 3213 520 3261 lta
559 3218 790 3277 tempera
829 3211 1072 3271 animum,
1110 3215 1167 3259 ut
1203 3211 1359 3260 rebus
1395 3214 1658 3260 assuescat
1695 3209 1860 3259 bouis,

441 3303 463 3329 *
502 3300 675 3350 Animi
713 3316 827 3350 nam
865 3298 1070 3349 frenum
1109 3313 1349 3363 magnum
1390 3313 1536 3348 mens
1572 3305 1651 3347 est
1689 3297 1999 3348 hominibus.

300 3387 406 3438 550
443 3388 626 3438 Sermo
666 3387 866 3437 medela
905 3392 985 3437 est
1019 3385 1172 3435 animi
1209 3386 1273 3435 ad
1310 3386 1673 3452 aegrimonias,

441 3476 656 3527 Animae
695 3481 815 3525 tuae
852 3479 907 3524 tu
947 3490 1121 3525 curam
1160 3490 1287 3540 gere
1324 3490 1418 3538 pro
1456 3472 1669 3523 viribus.
