2202 3918
320 235 424 287 884
612 299 619 305 ¹
1019 228 1484 283 Pmm’pums.

855 369 910 425 Φ
959 368 1702 427 1ΛΑΔΕΛΦο1.-

323 460 490 545 llere,
528 481 573 532 si
615 495 715 548 qus
752 480 846 532 tibi
885 496 1109 546 unquam
1150 479 1411 531 calamitas
1449 480 1684 532 evenerit

325 571 467 621 feres
505 569 710 621 facilius
750 570 874 620 dicti
913 586 1114 620 memor
1154 570 1448 636 Euripidis:

324 659 450 709 felix
488 659 553 708 ab
593 659 733 709 omni
772 663 920 724 parte
958 674 1113 709 nemo
1154 675 1371 725 usquam
1419 662 1498 708 est
1534 658 1724 708 homo:

326 753 434 798 tum
475 763 599 798 vero
638 763 668 799 e
705 747 881 798 multis
920 762 1037 799 esse
1073 751 1127 798 te
1163 763 1329 818 unum·
1364 746 1615 796 existima.

874 929 1206 983 FABULAE
1241 924 1631 982 ‘lNCER'rAEz

1152 1035 1191 1086 1.
1265 1035 1331 1087 11.

327 1125 386 1176 ln
424 1138 656 1175 mensem
695 1137 855 1172 unum
895 1121 1014 1174 anni
1050 1123 1137 1188 qui
1176 1124 1429 1175 contraxit
1466 1129 1727 1190 tempora,

323 1228 420 1279 pro
459 1227 694 1278 caupona
731 1210 913 1259 habuit
950 1210 1081 1261 arcis
1118 1211 1534 1273 sanctitudinem,

325 1305 499 1352 scorta
534 1297 820 1350 introduxit
856 1297 1024 1362 ipsum
1063 1298 1113 1349 in
1153 1300 1404 1366 templum
1442 1298 1690 1366 VirginiS,

325 1404 480 1455 quem
519 1391 735 1454 propter
773 1390 825 1435 et
862 1387 1047 1452 pruina
1084 1387 1282 1438 adussit
1320 1387 1522 1437 vineas:

326 1477 393 1527 ob
431 1476 578 1540 cuius
615 1474 939 1540 impietatem
979 1474 1270 1543 disruptum
1309 1482 1390 1526 est
1427 1476 1669 1542 peplum;

326 1564 445 1630 quia
482 1564 670 1614 Divum
708 1562 939 1614 honores
978 1563 1212 1616 attribuit
1249 1565 1585 1616 mortalibus:

328 1656 669 1719 corrumpunt
707 1653 802 1704 ista
842 1653 1112 1720 populum,
1150 1670 1253 1704 non
1291 1653 1578 1705 comoedia.

1206 1742 1296 1795 lv.
1361 1791 1364 1794 ,

326 1830 439 1881 Nec
475 1834 530 1880 te
567 1828 680 1901 istis
720 1828 877 1880 crede
915 1829 1082 1891 dictis,
1118 1829 1380 1891 Putaram,
1418 1833 1582 1896 pater,

328 1917 515 1980 erravi,
550 1915 740 1979 fateor,
778 1922 1072 1983 compotem
1109 1918 1294 1968 veniae
1330 1917 1465 1966 fore.

325 2005 599 2057 infirmiori
639 2004 844 2069 quando
882 2005 958 2055 vis
994 2005 1071 2067 fit,
1110 2005 1401 2072 Pamphile,

327 2111 431 2146 non
470 2109 619 2146 error
650 2093 804 2156 istud,
842 2094 934 2144 sed
971 2109 1117 2145 mera
1153 2093 1434 2145 insolentia
1467 2097 1563 2144 est.

1209 2183 1303 2237 Vl.

332 2274 519 2325 Dotata
555 2271 730 2339 nupsit
766 2285 918 2333 uxor,
954 2275 1008 2321 et
1044 2271 1211 2337 turpis
1249 2272 1362 2334 tibi,

331 2367 389 2413 ut
426 2376 584 2413 suave
621 2376 813 2412 coenes
845 2365 1007 2426 atque
1043 2359 1256 2411 insuave
1290 2359 1537 2411 dormias,

1190 2449 1310 2501 Vll.

331 2538 704 2600 calumniatur,
743 2537 974 2603 quamvis
1011 2535 1314 2598 inclemens,
1352 2536 1516 2585 minas

332 2628 460 2679 duas
497 2627 543 2678 si
581 2625 806 2689 dederis,
845 2641 979 2694 agno
1017 2625 1175 2676 abibit
1213 2623 1437 2674 mollior.

1188 2712 1331 2766 Vm.

334 2806 570 2872 Tempus
608 2803 896 2854 communis
933 2801 1165 2853 medicus
1204 2802 1297 2852 tibi
1335 2799 1645 2851 medebitur.

684 3049 1810 3127 HEGESIPPUS·

864 3263 1672 3343 ‹DlAE1⁷A1‚l2OJ.

334 3378 590 3445 Epicurus
628 3378 716 3427 ille
753 3378 976 3443 sapiens,
1014 3392 1130 3426 cum
1169 3375 1282 3441 quis
1320 3380 1599 3441 quaereret

331 3466 395 3516 ab
434 3482 515 3527 eo,
553 3466 691 3532 quod
729 3466 857 3516 illud
896 3469 1034 3516 esset
1072 3464 1313 3554 eximium
1348 3464 1561 3525 bonum,
