2202 3918
774 200 1369 257 ΣΑΜΟΘΡΑιΚΕΣ.
1890 209 1994 262 559

291 356 592 411 Athenaeus
628 350 751 404 xlv
790 368 838 417 p.
879 351 983 400 660
1006 366 1067 400 e:
1106 341 1205 398 οὐκ
1242 338 1540 406 ἀπεικότως
1580 345 1637 396 δὲ
1674 348 1768 398 καὶ
1801 347 1995 412 Ἀθη-

150 441 282 496 νίων
327 441 388 494 ἓν
421 434 829 509 Σαμόθρᾳξιν,
878 428 952 498 ὥς
999 451 1174 506 φησιν
1203 429 1440 520 ἰλόβας,
1486 430 1746 502 μάγειρον
1791 431 1998 503 εἰσάγει

149 526 591 602 φυσιολογοῦντα
631 523 725 577 διὰ
764 521 975 601 τούτων
1019 521 1131 577 Οὐκ
1167 519 1332 576 οἷσθ’
1371 513 1460 574 ὅτι
1496 521 1607 573 κτλ.
1686 526 1823 577 Vs.3
1861 522 1995 594 βάρ-

147 619 302 690 βαρε.
343 621 472 671 Cum
513 635 663 670 servo
705 619 843 668 enim
882 616 1196 681 co'loquitur
1233 629 1446 679 coquus,
1484 628 1638 678 quem
1678 613 1767 662 ille
1804 630 2000 666 coenae

145 710 407 779 parandae
455 724 607 760 causa
656 707 950 758 conducere
997 721 1026 755 a
1065 705 1274 755 domino
1313 704 1484 753 iussus
1523 706 1650 752 erat.
1735 700 1900 753 Scena
1947 703 1998 754 in

150 817 212 852 ea
249 799 350 851 fori
390 803 538 865 parte
574 802 674 856 est,
711 795 799 845 ubi
838 809 1121 860 coquorum
1161 793 1312 844 statio
1352 795 1480 842 erat.
1557 822 1624 830 -
1693 789 1780 841 Vs.
1820 791 1852 838 6
1890 806 1999 856 sqq.

149 888 285 940 Satis
321 887 510 937 festive
546 884 774 934 imitatur
811 888 992 948 poetas
1029 883 1255 948 tragicos
1291 879 1653 931 mansuetioris
1682 876 1815 926 vitae
1854 877 2002 929 initia

148 979 484 1042 exponentes.
558 971 690 1023 Vide
729 987 774 1021 e.
797 986 840 1020 c.
866 971 1078 1020 Critiam
1115 971 1170 1020 in
1209 964 1450 1036 Sisypho
1473 967 1609 1034 apud
1648 958 1859 1015 Sextum
1881 966 2004 1015 Em-

146 1063 242 1130 pir.
281 1062 395 1112 adv.
436 1061 512 1111 M.
561 1059 631 1110 lx
669 1060 739 1109 54
778 1062 830 1108 et
869 1058 1230 1108 Moschionem
1269 1057 1322 1107 in
1365 1055 1615 1106 Pheraeis
1637 1057 1686 1118 *)
1727 1054 1863 1121 apud
1884 1053 2003 1105 Sto·
2087 1123 2094 1133 ἱ

145 1151 332 1202 haeum
372 1149 488 1201 Ecl.
526 1147 678 1214 phys.
719 1147 741 1198 1
779 1148 865 1198 38.
906 1174 973 1184 —
1013 1147 1103 1199 Vs.
1145 1146 1209 1195 ll
1253 1137 1441 1204 θύσας
1477 1160 1573 1211 pro
1612 1137 1787 1192 ἔθυσ’
1825 1159 2004 1209 margo

147 1239 211 1290 P.
248 1244 307 1290 ut
343 1236 507 1288 voluit
544 1237 698 1287 etiam
740 1236 1003 1302 Reisigius
1041 1234 1275 1285 Coniect.
1319 1234 1338 1283 1
1379 1234 1537 1300 p.4l.
1614 1231 1810 1282 Ibidem
1847 1230 2007 1299 κρέας

148 1343 244 1395 pro
281 1323 411 1394 κρέα
450 1326 712 1376 Porsonus
750 1326 815 1375 ad
853 1324 1046 1391 Toupii
1084 1322 1305 1374 Emend.
1345 1323 1418 1374 lv
1456 1339 1505 1388 p.
1537 1321 1661 1372 474.
1701 1351 1768 1360 —-
1808 1322 1898 1375 Vs.
1939 1322 2007 1371 12

146 1408 220 1475 ὥς
255 1414 609 1467 Casaubonus.
649 1414 793 1464 Libri
832 1410 976 1472 ἴσως.
1023 1443 1078 1449 -
1126 1412 1210 1462 Vs.
1239 1411 1304 1461 13
1341 1403 1542 1509 ahtofg·
1580 1412 1680 1461 iam
1712 1408 2004 1477 Schweigh.

146 1528 313 1579 voluit
359 1543 457 1594 pro
495 1521 725 1588 αὐτούς,
780 1526 863 1578 cui
908 1527 959 1577 in
1001 1527 1042 1576 C
1088 1527 1397 1593 praefigitur
1443 1497 1568 1576 ἅτ’.
1665 1526 1789 1576 Post
1824 1523 1927 1591 μὲν
1962 1525 2004 1575 Β

146 1616 330 1667 inserit
365 1599 482 1665 οὖν.
533 1645 602 1654 —-·
641 1614 729 1666 Vs.
772 1616 838 1665 16
871 1617 914 1665 Α
953 1612 1044 1662 ἐπὶ
1081 1612 1270 1663 πλειον
1307 1627 1410 1663 τιν.
1467 1614 1509 1663 Β
1548 1609 1831 1661 ἐπιπλεΐον
1869 1605 2006 1664 τίν’.

145 1702 191 1755 Ρ
241 1699 332 1753 ἐπὶ
381 1699 569 1752 πλεῖον
615 1695 745 1754 τιν’.
820 1703 866 1755 V
910 1692 1262 1751 ἐπιπλεῖσῖον
1309 1716 1413 1753 τιν.
1499 1701 1542 1751 L
1587 1697 1678 1750 ἐπὶ
1730 1698 2005 1754 πλεῖστον.

146 1792 190 1844 G
224 1788 505 1843 ἐπιπλεῖον
540 1805 697 1851 τινες.
784 1794 1035 1858 Apertum
1085 1798 1164 1842 est
1213 1792 1341 1842 illud
1394 1784 1504 1839 τιν’
1549 1807 1609 1840 ex
1661 1791 2008 1856 praecedente

151 1898 305 1933 versu
344 1882 637 1948 irrepsisse.
716 1880 913 1931 ibidem
956 1865 1121 1943 ηὖξον
1157 1881 1265 1933 Ac.
1320 1874 1489 1943 ἠύξον
1520 1882 1578 1931 Β.
1638 1864 1812 1943 ηὗξαν
1851 1874 2005 1933 PVL.

147 2000 218 2012 —
255 1970 348 2022 Vs.
389 1971 456 2020 17
492 1966 811 2035 μέμνημὲνη
852 1970 908 2018 Β.
970 2000 1038 2008 -
1099 1972 1186 2023 Vs.
1231 1972 1295 2020 19
1335 1959 1473 2027 ἅλας
1511 1960 1577 2017 οὐ
1616 1962 2006 2043 προσᾴγοντες.

148 2057 362 2109 Nullum
408 2056 511 2107 hoc
559 2057 805 2107 disertius
851 2057 1232 2120 testimonium,
1297 2075 1325 2108 a
1377 2057 1498 2107 salis
1546 2072 1641 2106 usu
1695 2058 2006 2110 abstinuisse

149 2144 380 2196 Graecos
415 2146 468 2195 in
507 2145 669 2196 sacris
707 2143 977 2196 faciendis,
1056 2146 1215 2197 Cuius
1266 2147 1344 2197 rei
1395 2146 1483 2211 qui
1535 2147 1850 2197 contrarium
1902 2152 2005 2197 tra-

150 2234 279 2286 dunt
326 2233 643 2301 grammatici
694 2250 724 2284 a
760 2234 1074 2286 Buttmanno
1114 2236 1276 2286 Lexil.
1318 2235 1339 2284 1
1379 2252 1427 2300 p.
1470 2235 1574 2284 200
1628 2234 1846 2297 laudati,
1899 2236 2006 2285 Ro-

149 2338 413 2374 manorum
451 2338 648 2373 morem
687 2325 739 2374 in
779 2323 950 2375 animo
990 2324 1302 2375 habuerunt.
1343 2324 1438 2374 Cfr
1459 2323 1753 2388 Schweigh.
1793 2324 1858 2372 ad
1897 2324 2005 2374 b.l.

148 2441 217 2452 —
258 2412 344 2464 Vs.
367 2413 437 2462 2⁰
473 2404 550 2470 εἰς
586 2407 688 2473 τήν
725 2405 990 2474 τοιαύτην
1019 2408 1234 2480 χρῆσιν,
1272 2427 1345 2463 so.
1385 2412 1449 2462 ad
1488 2413 1629 2462 eibos
1669 2413 2005 2464 condiendos.

151 2528 214 2538 —-
254 2499 345 2552 Vs.
383 2499 447 2550 21
488 2493 683 2567 ἤρεσεν
720 2501 778 2553 C.
837 2492 994 2570 ἤρετ’
1041 2503 1098 2553 Ρ.
1183 2501 1529 2553 Scribendum
1578 2501 1787 2551 videtur
1833 2496 1906 2560 ιὺς
1945 2494 2003 2550 δ’

87 2619 90 2622 -
146 2579 355 2655 ἤρισαν
373 2586 487 2647 τοῖς
505 2578 754 2655 ὕστερον.
793 2618 860 2627 -—
901 2591 1071 2642 Vs.22
1090 2607 1201 2657 sqq.
1239 2591 1310 2640 ita
1349 2592 1720 2655 interpretatur
1742 2591 2006 2658 Schweig-

39 2673 59 2692 ‘
146 2677 464 2728 haeuserus:
512 2677 684 2739 „ticet
718 2678 772 2729 in
811 2679 956 2729 cibos
994 2679 1259 2729 adhibitus
1299 2696 1327 2728 a
1366 2680 1551 2745 coquis
1589 2679 1663 2728 sal
1703 2679 1891 2742 suerit,
1928 2687 2004 2730 ta-

84 2782 88 2784 ·
147 2781 265 2816 men
308 2765 359 2815 in
400 2766 560 2816 sacris
598 2772 856 2816 servatum
898 2782 1014 2818 esse
1041 2768 1268 2833 priscum
1309 2770 1481 2827 ritum,
1521 2767 1718 2816 scilicet
1753 2775 1812 2817 ut
1847 2769 2004 2818 sacri-

147 2853 281 2904 ficiis
320 2853 396 2904 sal
437 2870 538 2905 non
575 2854 962 2905 adhiberetur.”
1047 2856 1263 2906 Rectius
1302 2857 1392 2905 ille
1432 2855 1639 2920 quidem
1680 2871 1830 2921 quam
1871 2857 2003 2908 Gro-

146 2942 267 3006 tius,
304 2943 391 3008 qui
430 2943 582 3009 plane
620 2943 880 2994 aberravit
919 2961 946 2994 a
985 2961 1138 2996 sensu
1181 2946 1280 2995 loci
1322 2959 1478 3009 quum
1519 2945 1700 2994 vertit:

396 3030 500 3082 Sed
542 3036 595 3080 et
632 3030 733 3082 hoc
770 3039 887 3099 post
923 3033 1012 3083 illa
1051 3034 1260 3099 placuit,
1307 3043 1359 3083 et
1397 3034 1496 3082 iam
1539 3047 1673 3083 nunc
1709 3031 1868 3084 salem

401 3119 559 3170 saeris
599 3135 700 3171 non
739 3122 919 3187 paucis
954 3122 1216 3174 admoveri
1256 3122 1514 3173 cernimus

394 3208 714 3276 praescripto
751 3211 882 3263 ritus
920 3212 1087 3279 patrii.

262 3345 303 3396 ·)
335 3342 404 3384 Ex
435 3341 515 3384 bac
546 3341 663 3385 enim
695 3341 840 3387 sabula
870 3343 1184 3387 nobilissimum
1217 3346 1357 3387 locum
1376 3344 1559 3402 petitum
1589 3358 1686 3387 esse
1717 3343 2000 3399 probabiliter

147 3413 265 3459 effici
315 3422 455 3473 potest
500 3420 759 3476 comparatis
798 3419 892 3464 eius
934 3418 1104 3462 tabulae
1144 3418 1398 3475 fragmentis
1440 3422 1554 3477 apud
1599 3422 1836 3465 Stobaeum
1878 3420 1996 3461 Flor.

145 3490 307 3533 CXXV
339 3494 366 3533 3
397 3499 441 3534 et
473 3494 542 3535 1⁴.
