2202 3918
734 178 940 233 ΜιΣο
951 180 1291 273 ῑΜΕΝοΣ.
1767 171 1770 174 ’
1835 192 1939 243 171

89 321 324 393 γαστρὸς
371 320 599 390 αὔξεται
644 317 877 394 κὺηρις”
936 325 1030 376 καὶ
1081 320 1414 398 ,,οὗιιώποτ’
1456 321 1717 395 ἠράσθης
1763 331 1940 398 Γέτας

89 410 158 465 οὐ
202 409 314 483 γὰρ
359 408 748 477 ἐνεπλήσθηιΡ
800 411 991 483 φησίν.
1082 416 1159 467 lta
1205 416 1343 468 enim
1389 417 1519 468 haec
1565 433 1628 468 ex
1677 419 1857 472 codice
1895 422 1940 473 D

88 504 313 555 correxit
350 506 620 556 Bekkerus
658 504 724 555 ad
761 504 924 555 schol.
960 504 1191 556 Platonis
1226 522 1278 572 p.
1314 505 1437 556 312.
1477 507 1527 570 ⁴)
1618 507 1733 558 Etsi
1768 514 1941 561 autem

87 594 223 660 apud
273 594 544 644 Hermiam
581 609 751 659 neque
788 598 975 660 poetae
1010 609 1183 659 neque
1233 574 1444 649 fabulae
1481 610 1672 646 nomen
1709 595 1941 649 additum

86 687 182 744 est,
220 682 303 732 vix
331 687 503 733 tamen
529 682 752 732 dubitari
773 687 963 748 potest,
1002 682 1125 747 quin
1151 697 1300 733 suum
1337 683 1440 732 illis
1478 683 1649 734 locum
1677 689 1823 735 recte
1860 701 1942 736 as-

85 770 414 836 signaverim.
486 770 569 822 Ad
605 771 932 832 sententiam,
970 785 1036 820 ue
1062 771 1213 835 plura
1249 787 1669 833 commemorem,
1706 773 1942 838 apprime

86 857 213 908 facit
230 857 496 924 Euripidis
532 873 714 908 versus
749 851 932 918 οὐδεὶς
950 855 1270 925 προσαιτῶν
1305 854 1499 924 βίοτον
1535 853 1770 925 ἠράσθη
1809 858 1943 929 βρο-

83 942 196 995 τῶν
239 947 441 997 Danaes
476 945 664 1013 fragm.
695 947 821 999 vm
872 947 922 998 4.
997 946 1183 998 Eidem
1217 947 1446 999 fortasse
1482 948 1823 1015 assignandus
1861 957 1943 1002 est

83 1034 217 1085 alter
263 1050 418 1100 quem
465 1034 710 1084 Hermias
769 1034 924 1089 affert
981 1034 1167 1089 incerti
1228 1037 1454 1088 auctoris
1502 1052 1683 1089 versus
1729 1031 1943 1108 Πλήρει

83 1117 188 1191 γὰρ
224 1116 367 1193 ὄγκῳ
401 1117 642 1190 γαστρὸς
678 1116 904 1187 αὔξεται
939 1116 1148 1193 κὺπρις.
1189 1125 1268 1190 **)
1414 1118 1420 1122 ’

974 1278 1065 1331 ΙΧ.

226 1419 381 1485 Quod
426 1435 582 1489 supra
619 1438 682 1473 ex
722 1422 941 1475 Arriano
987 1422 1169 1489 attuli,
1207 1415 1395 1471 πάλιν
1424 1419 1482 1472 δὲ
1530 1422 1699 1494 μικρὰ
1745 1418 1940 1493 εὐημε-

83 1499 260 1575 ρήσας
319 1503 634 1575 ἐπαίρεται,
694 1510 848 1561 docet
899 1511 1086 1576 opinor
1143 1505 1373 1577 puellam
1433 1511 1642 1563 tandem
1700 1516 1939 1582 repetitis

89 1598 270 1648 militis
317 1599 747 1650 obtestationibus
785 1598 888 1650 hoc
927 1598 1169 1661 dedisse,
1207 1603 1264 1648 ut
1301 1597 1443 1650 foras
1481 1601 1716 1665 prodiret
1754 1609 1808 1654 et
1843 1605 1939 1655 mi-

85 1686 268 1738 tiorem
305 1688 532 1739 animum
570 1687 890 1750 ostenderet.
977 1690 1143 1754 Quam
1181 1704 1290 1738 rem
1330 1689 1599 1754 probabile
1636 1696 1715 1742 est
1750 1692 1823 1743 ita
1858 1693 1940 1746 in-

81 1776 318 1828 stituisse
355 1782 592 1844 poetam,
642 1783 703 1828 ut
741 1778 1095 1830 Thrasonides
1141 1778 1427 1829 identidem
1478 1795 1536 1829 se
1588 1774 1940 1834 aliusmores
2000 1852 2004 1853 ἶ

45 1859 420 1932 .'sequuturum
458 1883 575 1918 esse
608 1867 938 1919 sanctissime
972 1867 1186 1918 iuraret.
1260 1869 1460 1931 Quibus
1495 1869 1567 1919 ita
1604 1870 1940 1937 respondisse

81 1955 289 2007 videtur
324 1956 518 2024 puella,
554 1961 612 2007 ut
648 1973 707 2008 se
743 1956 1025 2026 affirmanti
1061 1973 1241 2024 parum
1279 1957 1405 2008 fidei
1442 1957 1639 2009 habere
1677 1960 1905 2013 diceret=

329 2055 659 2129 ’.Απαμφιεῖ
687 2056 794 2129 γὰρ
830 2058 894 2112 τὸ
929 2055 1327 2135 κατάπλαστον
1364 2057 1527 2114 τοῦτό
1565 2079 1670 2115 σου

334 2164 430 2218 καὶ
461 2160 775 2217 λανθάνειν
811 2141 1153 2235 βουλόμενον
1187 2165 1220 2232 ἡ
1258 2138 1414 2237 μέθη
1454 2167 1601 2221 ποτέ.

88 2277 264 2341 Quae,
314 2275 469 2325 tacito
523 2275 801 2325 Menandri
846 2277 1086 2338 nomine,
1146 2294 1176 2328 e
1229 2277 1527 2328 Misumeno
1578 2278 1868 2332 afferuntur
1907 2300 1940 2334 a

86 2363 247 2416 Suida
290 2380 331 2415 s.
368 2379 417 2415 v,
467 2359 839 2430 ἀμφιέσαντες
879 2368 932 2414 et
969 2363 1316 2416 Grammatico
1357 2365 1576 2433 Seguer.
1615 2385 1667 2434 p.
1706 2369 1811 2420 415
1848 2373 1943 2435 21,
1988 2401 1989 2404 =

86 2452 177 2503 ubi
207 2452 403 2518 legitur
439 2447 604 2501 τοῦτο
640 2449 759 2518 μέν.
798 2453 985 2504 Suidas
1021 2453 1181 2503 habet
1216 2449 1381 2503 τοῦτό
1415 2471 1540 2521 μου,
1581 2459 1720 2523 quod
1759 2477 1942 2513 emen-

86 2540 225 2592 davit
260 2541 563 2609 Hemsterh.
602 2542 668 2592 ad
703 2542 914 2594 Lucian.
955 2543 977 2593 Ι
1015 2560 1065 2609 p.
1104 2543 1264 2622 443.Χ
1303 2544 1385 2612 Ad
1421 2537 1711 2612 ἆπαμᾳιεῖ
1739 2554 1943 2616 spectat

83 2629 309 2683 fortasse
345 2631 602 2698 Hesycbii
636 2631 827 2699 glossa,
858 2623 1208 2699 Ἀπαμᾳιεῖε
1248 2625 1655 2699 ιξπογυμνώσει.

199 2831 243 2886 ⁸)
271 2831 529 2886 Sequuntur
560 2831 675 2887 apud
704 2830 930 2875 Hermiam
962 2831 1096 2875 haec:
1134 2833 1181 2873 οἱ
1210 2832 1257 2874 δὲ
1290 2829 1437 2880 ἅπλῶς
1466 2829 1667 2888 ἀστεῖον,
1708 2829 1766 2882 ὥς
1786 2832 1944 2892 ‘Ilpa-

85 2907 256 2961 κλείδης
284 2908 434 2963 φιλίας
463 2909 597 2963 λέγων
629 2906 741 2950 εἶναι
769 2906 847 2952 τὸν
878 2910 1017 2966 ἔρωτα
1048 2908 1123 2951 καὶ
1160 2906 1237 2952 οὐκ
1269 2902 1406 2950 ἄλλου
1436 2904 1579 2964 τινός,
1625 2910 1739 2953 κατὰ
1777 2916 1943 2969 συμβε-

27 3024 57 3028 ,,
83 2980 220 3038 finitos·
249 2983 300 3025 δέ
322 2998 446 3031 τινας
477 2983 690 3025 ἐκπίπτειν
721 2985 781 3033 εἰς
822 2980 1078 3041 ἀφροδίσια.
1152 2985 1240 3027 Pro
1272 2982 1570 3040 ἽῙρακλείδης
1606 2988 1702 3030 cod.
1726 2989 1766 3030 D
1807 2988 1942 3033 habet

32 3051 37 3055 ⁵
84 3045 338 3111 Εὐκλείδης.
397 3058 659 3112 Verissiine3
698 3062 827 3116 plane
864 3062 979 3104 enim
1012 3076 1097 3104 non
1130 3060 1279 3103 dubito
1311 3054 1416 3116 qt‘iin
1448 3061 1521 3104 illa
1549 3063 1710 3107 amoris
1741 3064 1946 3110 definitio.

26 3130 49 3197 ,ξ’
84 3147 141 3178 ex
171 3134 365 3178 Euclidis
405 3134 619 3178 Socratici
652 3136 831 3181 Erotico
870 3152 896 3180 a
926 3137 1127 3191 Diogene
1160 3138 1305 3180 Laert.
1338 3138 1375 3179 11
1407 3137 1493 3182 108
1533 3146 1774 3185 memorato
1815 3142 1940 3186 deri-

89 3214 191 3253 vata
219 3210 290 3253 sit.
348 3211 467 3253 Idem
500 3210 706 3255 Euclides
737 3213 1003 3267 Socraticum,
1036 3214 1077 3256 ni
1111 3214 1264 3267 fallor,
1294 3219 1661 3259 commemoratur
1691 3231 1717 3259 a
1748 3218 1940 3263 Stobaeo

37 3269 44 3278 '
90 3287 210 3331 mor.
240 3288 298 3330 vl
328 3287 386 3332 56
417 3293 462 3331 et
493 3289 672 3331 Ponuce
700 3291 760 3332 111
789 3291 847 3333 62
878 3294 923 3332 et
954 3290 1010 3331 vi
1044 3290 1141 3333 161.
1201 3289 1283 3335 cfr
1313 3291 1433 3356 Hist.
1465 3291 1559 3335 crit.
1592 3306 1633 3348 p.
1666 3294 1767 3338 269.

180 3382 242 3434 ⁸⁶)
273 3381 429 3425 Eidem
459 3379 662 3439 Euripidi
705 3384 848 3427 tribuo
881 3398 992 3440 quae
1025 3384 1228 3429 {lemnias
1260 3388 1403 3442 paullo
1434 3385 1617 3431 inferius
1648 3387 1776 3432 affert
1807 3390 1938 3442 verba

34 3469 41 3476 ·
90 3455 219 3502 δισσὰ
252 3455 478 3514 πνεύματα
508 3465 624 3509 πνεῖς
647 3460 810 3519 Ἔρως,
843 3475 954 3518 quae
984 3476 1039 3506 ex
1071 3465 1303 3517 systemate
1331 3463 1557 3518 glyconico
1590 3463 1717 3509 «lucta
1750 3469 1860 3508 sunt.
