2202 3918
263 210 371 262 522
1013 203 1360 260 Posmu’l’l

406 350 812 413 AthenaeusllX
849 367 898 417 p.
919 350 1022 399 376
1046 365 1102 398 e:
1139 341 1265 398 ἀλλ’
1298 334 1331 411 ἦ
1370 345 1608 414 νομίζετέ
1639 366 1704 414 με
1742 345 1973 401 ἔλαττον
2009 369 2102 403 πε-

262 434 608 488 παιδεῦσθαι
647 435 756 487 τῶν
793 431 1037 504 ἀρχαίων
1072 431 1289 485 ἐκείνων
1315 433 1607 504 μαγείρων,
1645 438 1765 506 περὶ
1793 427 1872 488 ὦν
1907 439 1959 490 οἱ
1995 456 2101 490 κω-

260 522 600 597 μῳδιοποιοὶχ
625 524 870 592 λέγουσι;
908 519 1292 583 Ποσείδιππος
1328 525 1428 589 μὲν
1463 522 1522 574 ἐν
1561 522 1958 595 Χορευούσαις·
1994 524 2100 597 μά-

261 631 434 683 γειρος
472 610 529 665 δ’
570 613 720 666 ἐστὶν
757 609 785 664 ὁ
823 611 992 677 λέγων
1030 608 1166 680 πρὸς
1202 607 1329 672 τοὺς
1363 610 1635 679 μαθητὰς
1671 610 1799 665 τάδε
1835 612 2101 681 Μαθηταὶ

261 698 486 754 Λεύκων
520 702 632 754 κτλ.
726 705 812 755 Vs·
851 704 884 752 3
922 700 1107 752 λαλεῖν
1147 702 1204 753 Ρ.
1260 694 1446 752 amem
1483 706 1544 756 A.
1600 693 1785 753 ἅλλειν
1821 705 1974 758 BPV.
2029 737 2100 747 --

258 793 348 845 Vs.
389 796 434 843 6*
472 787 600 859 ὄψει
647 786 844 858 σχεδόν
881 808 933 842 τι
973 784 1155 840 πάντα
1194 785 1367 841 τοῦθ’
1412 793 1673 844 Por-sonus
1710 809 1804 860 pro
1843 786 1999 860 ὄψεις
2037 785 2096 841 δ’

256 876 434 948 ἔχοντι
471 875 664 933 τοῦθ’.
716 910 786 917 -—
842 878 931 932 Vs.
970 881 1005 931 7
1045 896 1138 946 pro
1171 870 1322 939 ὅστις
1359 871 1428 928 ἄν
1463 882 1788 947 requirebam
1825 874 1966 942 ἡνίκ’
2010 874 2098 943 ἄν,

255 973 339 1023 vel
376 961 497 1020 οἷον
534 965 756 1035 ξεναγὸς
793 957 971 1029 οὗτος,
1010 960 1093 1025 ἂν,
1117 961 1338 1036 θώρακ’
1379 963 1473 1038 ἔχῃ
1510 976 1610 1020 οῖο.
1651 1001 1717 1010 —-
1759 970 1848 1022 Vs.
1886 971 1921 1020 8
1958 964 2099 1036 δρά-

252 1074 420 1108 κοντα
474 1056 913 1127 σεσιδηρωμένον
969 1057 1034 1108 de
1088 1056 1314 1108 dracone
1364 1058 1414 1109 in
1473 1058 1642 1124 clypei
1690 1057 1866 1108 ferrea
1911 1057 2097 1109 lamina

253 1149 454 1214 sculpto
505 1150 876 1214 interpretatur
914 1146 1284 1207 Casaubonus‚
1333 1144 1398 1196 de
1447 1146 1558 1212 ipso
1608 1146 1793 1212 clypeo
1831 1146 2093 1212 Schweig-

251 1235 555 1285 haeuserus.
595 1267 661 1276 -
703 1235 845 1287 Vs.9
871 1227 1163 1300 Βριάρεως.
1202 1233 1451 1284 Similiter
1486 1234 1686 1284 Briarei
1725 1233 1933 1284 nomine
1971 1248 2096 1285 usus

251 1328 331 1375 est
369 1324 631 1374 Timocles
670 1324 798 1374 Her.
838 1338 910 1374 vs.
935 1323 987 1374 4.
1026 1322 1115 1373 ubi
1151 1321 1268 1372 vide
1305 1326 1468 1374 notas.
1506 1355 1574 1390 —l
1615 1322 1702 1376 Vs.
1738 1322 1805 1373 lo
1840 1321 1942 1389 μὲν
1979 1322 2096 1374 add.

251 1414 445 1464 ΑΒοῑ..
487 1429 587 1464 om.
627 1413 734 1463 pv.
793 1442 862 1451 -
920 1412 1010 1466 vs.
1049 1412 1117 1462 ιε
1155 1402 1190 1472 ἢ
1226 1410 1344 1461 aad.
1382 1393 1578 1463 ABcL.
1618 1427 1720 1462 om.
1759 1411 1866 1463 vi..
1915 1407 2097 1461 καλῶν

250 1517 344 1567 pro
392 1496 569 1560 καλῶς
619 1500 830 1551 Grotius
877 1500 1122 1566 Excerpt.
1171 1515 1222 1566 p.
1259 1500 1382 1550 817.
1436 1500 1524 1566 qui
1572 1500 1638 1551 ad
1687 1515 1894 1551 sensum
1938 1499 2095 1551 huius

249 1605 431 1640 versus
480 1595 624 1640 recte
676 1590 874 1640 monuit
921 1589 1167 1639 audacter
1212 1603 1434 1653 coquum
1481 1587 1767 1654 exprobare
1800 1589 2094 1640 domesticis

251 1680 459 1730 nimiam
486 1678 805 1728 tenuitatem.
843 1671 1035 1743 λιμοὺς
1058 1677 1183 1728 dicit
1207 1676 1508 1743 famelico-9.
1549 1677 1854 1727 Eustathius
1876 1694 1926 1744 p.
1951 1677 2093 1727 1828

249 1769 314 1818 6:
364 1763 632 1834 φειδωλὸς
667 1763 760 1815 καὶ
810 1759 1000 1831 κίμβιξ
1037 1799 1104 1807 --
1143 1764 1240 1815 καὶ
1271 1759 1736 1832 κυμινοπρίστης,
1784 1761 1864 1815 ἔτι
1903 1762 1959 1814 δὲ
1995 1763 2093 1814 καὶ

248 1850 424 1922 λιμός.
473 1887 542 1896 ——
590 1855 678 1909 Va.
719 1855 787 1905 13
824 1847 1016 1917 ἔπτηξ’
1060 1855 1412 1906 casaubonus,
1460 1847 1675 1916 ἐπίτηξ’
1719 1854 1872 1908 PVL.
1918 1846 2088 1903 ἔπειτ’

246 1930 372 2007 ἧξεν
411 1944 469 1996 C.
508 1945 596 2009 qui
635 1939 861 2009 ἕκριστος
895 1937 1070 2002 εὐθὺς
1108 1944 1315 1995 omittit.
1390 1937 1672 2002 ἀληθινὸν
1708 1957 1931 2007 coquum
1970 1942 2092 1993 dicit

248 2049 397 2096 eum,
448 2032 535 2097 qui
571 2031 789 2096 simplex
826 2036 878 2080 et
914 2030 1026 2082 sine
1064 2048 1254 2099 pompa
1292 2037 1344 2080 et
1379 2031 1555 2097 specie
1592 2030 1820 2080 inanium
1858 2047 2093 2081 accesse-

246 2123 331 2185 rit,
367 2126 425 2172 ut
462 2124 734 2187 perspecte
772 2119 1033 2169 annotavit
1071 2120 1423 2171 casaubonus,
1462 2149 1532 2158 --
1572 2119 1660 2172 Vs.
1682 2118 1751 2170 14
1788 2117 2088 2170 Dindorfius

246 2205 380 2278 πρὸς
428 2201 684 2274 ἐκδαρείς.
781 2208 912 2259 Utro
963 2208 1117 2259 modo
1164 2208 1418 2259 scribatur
1467 2209 1684 2275 perinde
1729 2213 1825 2258 cst.
1912 2207 2088 2259 Alexis
2188 2234 2193 2275 3

243 2300 410 2354 Mant.
450 2297 497 2348 11
534 2299 568 2348 8
606 2314 657 2364 p.
696 2295 825 2347 450:
877 2282 1046 2345 αὗται
1082 2291 1142 2345 δ’
1176 2289 1470 2347 ἀδικοῦσαι
1517 2294 1612 2347 καὶ
1647 2289 2086 2364 προσεγκαλοῦσ’

243 2382 341 2438 ἔτι.
426 2387 573 2437 Plato
619 2385 848 2435 comicus
902 2386 1091 2434 Lacon.
1142 2385 1184 2446 1,
1229 2387 1262 2436 6
1315 2384 1410 2434 καὶ
1462 2381 1928 2453 προσαναφῦσαν.
2018 2388 2090 2438 Et
2182 2358 2194 2458 ξ·

241 2477 317 2528 sic
362 2490 518 2540 saepe
565 2475 718 2524 etiam
766 2474 869 2524 alil.
957 2471 1154 2537 Quibus
1201 2471 1328 2523 locis
1375 2474 1462 2539 qui
1511 2467 1648 2540 πρὸς
1694 2474 1912 2525 seorsim
1962 2474 2089 2525 scri·
2182 2471 2188 2538 f

239 2566 368 2616 bere
404 2563 600 2624 volunt,
639 2562 853 2612 eandem
894 2562 1145 2611 rationem
1183 2561 1338 2612 etiam
1375 2561 1427 2612 in
1466 2562 1578 2612 aliis
1605 2562 1903 2627 compositis
1941 2564 2088 2629 sequi

241 2653 519 2704 debebunt.
575 2683 644 2691 -—
703 2650 801 2702 Vs.‘
834 2647 900 2698 15
936 2636 1070 2715 ὅπερ
1106 2633 1207 2698 οὗν
1242 2643 1560 2717 ὑπεθέμην,
1598 2651 1770 2717 igitur
1807 2651 1946 2718 quod
1979 2653 2089 2702 iam

232 2741 503 2814 praecepi.
564 2769 623 2775 -
685 2739 774 2790 Vs,
813 2739 880 2787 16
918 2730 1148 2802 στόμιον
1183 2737 1489 2789 insolentius
1528 2738 1593 2788 de
1633 2737 1754 2805 gula
1792 2737 1944 2800 dixit,
1983 2755 2085 2804 quo

243 2845 398 2881 seusu
453 2827 576 2879 alias
625 2823 807 2891 στόμα
856 2829 1083 2892 ponitur.
1176 2827 1291 2879 Nec
1337 2833 1508 2878 tamen
1559 2834 1702 2877 recte
1750 2826 2087 2879 casaubonus

243 2911 514 2982 στόματα.
554 2949 621 2957 —
662 2917 747 2967 Vs.
791 2916 858 2965 18
896 2907 966 2963 ἂν
1002 2899 1060 2962 εὗ
1100 2914 1204 2965 CL.
1245 2908 1375 2964 ἄνευ
1413 2916 1569 2968 APV.
1642 2915 1862 2966 Sensum
1898 2916 2085 2969 horum
2173 2899 2193 2990 ξ’

243 3007 517 3058 verborum
557 3005 752 3071 optime
790 3003 1042 3070 expressit
1080 3002 1315 3054 Grotius:

490 3109 608 3144 nam
645 3093 798 3159 plane
836 3097 1066 3143 extrema
1102 3097 1313 3142 nostrae
1351 3098 1430 3143 est
1467 3092 1592 3142 artis
1628 3091 1786 3154 linea,

493 3182 637 3247 quasi
675 3181 810 3232 circa
848 3186 1072 3248 portum,
1109 3186 1253 3231 recta
1289 3182 1342 3231 in
1380 3198 1439 3231 os
1476 3183 1762 3232 incurrere.
2184 3238 2185 3242 Ἰ

247 3272 391 3323 idem
427 3274 572 3320 recte
611 3270 809 3321 monuit
846 3270 1232 3336 ambiguitatem
1270 3282 1385 3320 esse
1421 3270 1472 3319 in
1512 3283 1637 3321 voce
1675 3260 1912 3333 στόμια,
1952 3284 2082 3334 quae
2182 3253 2185 3306 ,⁴

246 3365 300 3411 et
347 3359 540 3409 ostium
574 3354 820 3420 fluminis
870 3359 1148 3426 siguificat
1175 3363 1227 3408 et
1265 3373 1321 3408 oa
1359 3357 1601 3409 honzinis.
1676 3357 1891 3408 Rectius
1930 3363 1981 3406 et
2017 3358 2082 3407 ad
2180 3365 2181 3415 Ῑ

243 3448 371 3500 h.1.
423 3446 858 3500 accommodatius
909 3447 1119 3500 dixisset
1171 3462 1227 3497 oa
1276 3451 1477 3514 portus.
1551 3446 1646 3499 Gfr
1681 3444 1862 3498 Pollux
1901 3445 2081 3497 1102.
2178 3455 2179 3490 3
