2202 3918
493 187 934 248 comcoRUM
971 187 1508 244 ANONYMORUM.
1834 185 1940 244 689

83 343 161 394 lta
197 341 328 392 haee
364 335 502 388 edita
538 338 592 383 et
629 331 872 383 distincta
909 331 1060 383 video
1097 330 1233 399 apud
1270 330 1583 384 Fabricium.
1663 333 1806 384 Libri
1844 349 1940 401 pro

81 431 182 498 μὲν
230 427 424 478 habent
467 412 590 487 γάρ,
639 419 778 486 quod
829 416 1051 487 expunxi
1108 425 1162 470 et
1197 418 1355 469 verba
1401 410 1796 486 ἀμορφότατος
1840 418 1943 484 τὴν

80 513 219 582 ὄψιν
279 527 398 564 oum
453 515 641 576 poetae
678 508 852 560 verbis
906 507 1165 559 coniunxi.
1238 508 1488 558 Fortasse
1538 513 1709 560 tamen
1760 511 1942 562 distin-

81 602 367 672 guendum,
402 588 834 665 Ἀμορᾳότατος
871 590 974 656 τήν
1011 588 1177 660 ὄψιν·
1213 584 1328 659 εἰμὶ
1364 586 1472 660 γάρ
1511 600 1610 646 eto.
1671 596 1843 648 Lo'ous
1880 614 1944 651 ex

79 692 299 760 prologo
321 687 622 741 comoediae
643 684 904 735 derivatus
932 689 1028 734 est.
1080 681 1176 734 Cfr
1195 682 1259 733 ad
1283 683 1558 735 Menandr.
1582 682 1665 735 ed.
1685 683 1799 737 mai.
1819 686 1940 738 284.

884 795 1132 847 cccxl..

354 897 628 986 Ife'pffaw'
669 898 846 971 ἑταῖρε
886 899 982 951 καὶ
1019 898 1227 969 θέρους
1264 900 1357 952 καὶ
1391 899 1675 971 χειμῶνος.

221 1013 411 1066 Sextus
429 1015 585 1080 Emp.
606 1010 680 1062 XI
721 1009 855 1061 121:
894 1001 925 1057 ὁ
963 1002 1060 1058 τὸν
1090 1005 1333 1059 πλοῦτον
1361 1002 1595 1077 ἀγαθὸν
1616 997 1760 1060 εἶναι
1795 1004 1950 1062 ὑπει-

78 1097 268 1171 ληφώς
324 1095 533 1170 όςιείλει
576 1127 647 1136 —-
696 1091 950 1149 ἑκάστοτε
999 1092 1135 1165 πρὸς
1188 1092 1387 1148 ἑαυτὸν
1433 1094 1497 1148 τὸ
1532 1093 1774 1166 κωμικὸν
1810 1092 1950 1148 ἄνα-

79 1187 312 1260 μελετᾶν
347 1184 712 1259 παράργελμα
753 1178 1018 1255 Κέρδαιν’
1062 1181 1239 1254 ἑταῖρε
1285 1185 1384 1237 καὶ
1439 1185 1646 1258 θέρους
1696 1185 1792 1238 καὶ
1834 1204 1949 1255 χει-

78 1276 279 1347 μῶνος.
371 1280 476 1330 Pro
521 1292 788 1345 χειμωνος
837 1276 962 1328 οΙίω
1002 1264 1155 1327 Curis
1194 1277 1309 1329 orit.
1347 1294 1399 1344 p.
1441 1277 1507 1328 61
1548 1278 1809 1328 tentabam
1835 1272 1948 1344 χεί-

78 1384 275 1435 ματος.
362 1370 511 1434 Quae
566 1366 736 1418 forma
792 1383 950 1433 quum
1006 1367 1174 1418 aliena
1230 1365 1297 1418 sit
1347 1366 1411 1417 ab
1462 1381 1559 1418 usu
1611 1367 1949 1429 comicorum,

81 1474 221 1511 nuno
256 1459 329 1508 ita
367 1456 537 1524 potius
573 1462 780 1520 statuo,
828 1462 887 1508 ut
923 1471 1129 1507 versum
1168 1457 1316 1507 illum
1356 1471 1419 1507 ex
1453 1456 1730 1523 Eupolidis
1769 1456 1950 1523 Raptis

81 1548 372 1599 derivatum
420 1545 659 1607 credam,
708 1559 810 1611 qua
862 1545 917 1596 in
963 1544 1141 1596 fabula
1190 1550 1359 1597 certas
1412 1545 1495 1594 ob'
1521 1560 1705 1596 causas
1741 1545 1950 1611 Hippo-

79 1635 279 1688 naoteis
325 1633 510 1685 iambis
560 1648 687 1684 usus
735 1638 832 1684 est.
930 1634 1045 1685 Nisi
1091 1633 1233 1685 forte
1283 1634 1502 1696 SextuS‚
1552 1633 1640 1699 qni
1690 1633 1846 1683 toties
1895 1633 1950 1685 in

82 1724 397 1791 scriptorum
434 1737 565 1789 quos
602 1722 727 1772 citat
777 1720 1072 1773 nominibus
1121 1723 1342 1785 erravit,
1392 1722 1480 1772 hio
1530 1737 1740 1788 quoque
1778 1722 1951 1774 hallu-

86 1815 286 1865 cinatus
320 1816 402 1864 est
438 1815 492 1861 et
529 1810 729 1862 comico
757 1815 945 1877 poetae
982 1811 1218 1863 attribuit
1243 1826 1377 1878 quae
1415 1810 1536 1862 sunt
1571 1810 1950 1880 iambographi.

877 1923 1149 1993 ccchL

694 2041 1054 2110 Βοιωτιάζειν
1091 2041 1321 2115 ἔμαθες.

232 2152 532 2221 Stephanus
577 2153 703 2219 Byz.
754 2170 802 2206 v.
851 2149 1102 2204 Βοιωτία
1154 2172 1203 2222 p.
1244 2155 1379 2206 229.
1392 2176 1395 2177 ’
1433 2150 1529 2203 καὶ
1577 2148 1816 2213 Βοιωτις
1859 2150 1971 2204 και

92 2237 428 2293 Βοιωτίδιον
462 2238 521 2291 ἐκ
558 2235 845 2304 Βοιώτιος.
934 2237 1356 2313 Ἀριστοφάνης
1387 2234 1760 2325 Ἀχαρνεῦσιν
1795 2241 1956 2307 (572)

82 2314 167 2381 Ὠ
222 2330 382 2398 χαῖρε
433 2324 801 2399 κολλικόφαγε
837 2328 1191 2385 Βοιωτίδιον.
1262 2348 1358 2381 και
1408 2327 1560 2401 ῥῆμα
1599 2323 1956 2392 Βοιωτιάζειν

97 2413 332 2487 ἔμαθες.
407 2419 631 2472 Videtur
666 2421 1027 2489 Aristophanis
1065 2438 1196 2473 esse.

874 2534 1170 2586 CCCXLH.

233 2639 535 2707 Stephanus
571 2642 699 2709 Byz.
738 2642 805 2694 v.'
832 2634 1119 2709 Τάρταρος
1167 2658 1218 2707 p.
1258 2641 1389 2692 696:
1441 2634 1472 2689 ὁ
1518 2631 1752 2708 οῖ’κὴτωρ
1809 2636 1959 2706 Ταρ-

93 2720 313 2796 τάριος,
365 2726 460 2777 καὶ
511 2726 605 2779 διὰ
653 2727 752 2793 τῆς
801 2747 850 2780 ει
900 2723 1227 2798 ὅιᾳθόγγου
1264 2720 1401 2795 παρ’
1443 2720 1720 2797 Εὐριπίδῃ
1755 2723 1814 2778 ἐν
1848 2722 1959 2797 Εὐ-

96 2815 309 2885 ρυσθεῖ
359 2814 649 2888 σατυρικῷ.
722 2817 820 2869 καὶ
878 2814 1316 2887 Ίάρταρίτης
1375 2811 1440 2867 τὸ
1489 2810 1747 2883 κωμικόν.
1840 2818 1960 2871 Hoc

70 2907 296 2978 qoomioe
334 2913 490 2973 poeta
523 2907 688 2969 tinxit,
728 2914 786 2959 ut
824 2907 1197 2976 Aristophanes
1234 2900 1518 2969 Πυκνίτης
1555 2907 1688 2972 Equ.
1728 2907 1815 2959 42.

736 3041 784 3067 *⁶
827 3036 1136 3089 CCCXLHI
1176 3032 1222 3092 a.
1263 3038 1314 3087 b.

339 3133 610 3193 ’Ἅπαντα
649 3139 719 3193 τὰ
756 3139 900 3194 καλὰ
939 3140 1038 3194 τοῦ
1072 3139 1377 3204 πονοῦντος
1414 3138 1677 3210 γίγνεται.

340 3238 614 3299 ”Λπανθ’
648 3244 686 3300 ’ὁ
722 3246 822 3301 τοῦ
857 3246 1148 3315 ζητοῦντος
1180 3244 1415 3318 εὑρίσκει
1451 3245 1636 3310 πόνος.

244 3358 503 3411 Stobaeus
542 3357 684 3409 Flor.
721 3357 892 3410 xxix
929 3358 1016 3409 26.
1101 3358 1252 3411 Alter
1286 3356 1512 3429 fortasse
1551 3355 1734 3424 tragici
1773 3357 1961 3422 poetae

0 3508 2 3517 y
105 3456 286 3499 versus
324 3452 422 3499 est.
477 3446 536 3498 In
575 3462 639 3498 eo
662 3439 830 3506 πόνος
849 3462 945 3514 pro
966 3438 1153 3505 πόθος
1167 3445 1496 3502 Valckenarii
1533 3450 1614 3496 est
1650 3443 1963 3497 emendatio.

183 3544 392 3591 Comoed.
419 3561 517 3590 nov.
1392 3575 1395 3578 .
1559 3532 1630 3581 44
