2202 3918
287 207 392 257 784
1027 202 1405 254 MENANDRI

1110 344 1319 395 XLVll.

288 437 510 487 Rectum
551 435 795 501 piumque
836 435 879 484 si
918 432 1038 500 quid
1082 436 1488 499 occoeptaveris‚

286 526 421 575 bene
458 523 703 584 ominare,
743 538 992 588 spemque
1029 522 1231 572 firmam
1268 522 1403 572 hanc
1441 523 1673 589 concipe,

285 613 468 664 adesse
506 613 638 662 iusta
676 611 1004 661 molientibus
1042 610 1211 660 deum.

1100 699 1338 750 XLVlll.

285 790 537 842 Monuisti
576 791 777 849 cuncta,
817 802 949 852 quae
987 787 1063 836 tui
1101 787 1245 836 offici
1283 787 1418 837 fuit:

283 884 639 929 verumtamen
678 877 799 926 mihi
839 876 1013 938 crede,
1045 882 1103 925 ut
1143 875 1328 926 faciam
1367 877 1502 941 quod
1543 877 1711 940 decet,

281 969 400 1034 plus
439 982 584 1018 meus
624 972 704 1017 est
742 971 922 1016 auctor
960 964 1086 1014 mihi
1124 980 1252 1025 mos,
1292 981 1441 1030 quam
1481 966 1578 1017 ista
1617 970 1796 1021 oratio.

1113 1052 1296 1104 XLIX.

284 1145 386 1211 Qui
424 1146 651 1193 mentem
689 1141 883 1191 addicit
921 1141 1184 1191 credulam
1224 1143 1508 1205 calumniis,

282 1238 371 1283 aut
406 1233 520 1298 ipse
557 1216 648 1280 est*
675 1230 843 1295 pravis
879 1229 1174 1295 inquinatus
1212 1232 1459 1294 moribus,

282 1327 372 1373 aut
408 1325 551 1380 certe
587 1313 798 1386 ingenio
838 1318 909 1368 nil
946 1334 1101 1385 supra
1139 1333 1356 1384 puerum
1395 1323 1547 1372 valet.

1179 1408 1239 1458 L.

282 1499 585 1550 calumniae
625 1498 674 1546 vi
711 1496 911 1547 saevius
951 1497 1148 1547 nullum
1186 1505 1265 1548 est
1302 1500 1524 1551 malum:

281 1589 801 1661 dedecorelnamque
839 1586 1035 1636 crimen
1073 1587 1287 1639 alterius
1326 1604 1422 1639 suo

279 1678 388 1729 luat
424 1691 640 1728 necesse
677 1682 755 1726 est
792 1680 1062 1725 accusatus
1099 1677 1364 1728 innocens.

1159 1767 1246 1817 Ll.

279 1855 422 1919 Quae
460 1867 597 1902 nunc
635 1851 806 1900 vocari
845 1851 1046 1902 bonitas
1083 1853 1153 1903 ita
1193 1854 1348 1920 vulgo
1386 1855 1538 1916 solet,

277 1941 470 1992 dimisit
507 1941 660 1990 vitam
699 1943 906 2007 penitus
942 1943 994 1991 in
1035 1957 1206 1991 mores
1243 1942 1424 2003 malos,

279 2031 400 2097 quia
438 2035 786 2080 commeatum
825 2030 1013 2081 sceleri
1051 2029 1175 2098 facit
1210 2031 1504 2097 impunitas,

1151 2118 1263 2169 Lll.

275 2209 377 2274 Qui
414 2206 631 2258 civitatis
668 2209 955 2275 principem
995 2212 1168 2258 servat
1203 2207 1393 2270 locum,

274 2297 346 2348 nil
384 2296 661 2347 invidenda
697 2297 745 2346 ei
782 2312 913 2363 opus
953 2302 1032 2347 est
1070 2297 1385 2363 eloquentia,

272 2385 365 2436 sed
402 2385 493 2436 tali
533 2399 735 2435 morum
774 2401 926 2451 quam
964 2384 1188 2436 facilitas
1227 2390 1499 2452 temperet.

1129 2473 1270 2523 Llll.

270 2562 408 2628 Quid
448 2561 643 2612 frustra
680 2559 820 2630 frugi
859 2566 913 2612 et
949 2563 1117 2612 bonus
1155 2563 1250 2612 es?
1287 2577 1508 2627 namque
1543 2561 1704 2613 herus
1742 2563 1913 2613 omnia

268 2652 311 2701 si
351 2664 445 2701 sua
482 2649 707 2712 fruatur,
747 2656 801 2700 et
838 2656 893 2700 tu
934 2650 1146 2715 diript'as
1184 2650 1331 2711 nihil,

268 2738 551 2791 defraudas
589 2743 753 2789 temet
788 2738 920 2806 ipse,
959 2745 1013 2790 et
1050 2740 1194 2790 illum
1234 2741 1536 2809 noniuvaS.

1137 2829 1272 2882 LIV.

264 2917 409 2970 Felix
447 2917 631 2967 relicta
669 2931 823 2981 quem
862 2915 989 2966 facit
1024 2933 1110 2967 res
1148 2916 1389 2967 divitem:

264 3023 382 3057 nam
421 3021 554 3071 quae
592 3021 709 3055 cum
747 3020 909 3056 uxore
946 3005 1159 3055 veniunt
1194 3012 1333 3056 trans
1371 3006 1528 3058 limen
1570 3007 1769 3071 domus,

263 3095 452 3146 horum
490 3109 588 3143 nec
626 3095 774 3145 firma
812 3110 909 3145 nec
946 3094 1115 3144 suavis
1153 3095 1416 3160 possessio
1455 3103 1551 3148 est.

1144 3183 1253 3235 LV.

223 3270 226 3274 ’
262 3272 364 3338 Qui
401 3286 613 3322 uxorem
653 3271 792 3321 ducit
830 3288 914 3322 res
951 3287 1084 3338 quae
1122 3273 1282 3323 avitas
1321 3274 1543 3323 creverit

262 3377 338 3420 ex,
362 3376 493 3423 asse,
533 3364 619 3410 aut
655 3376 851 3426 poenas
888 3362 1068 3427 pendit
1103 3361 1249 3411 iratis
1288 3361 1419 3424 deis,

254 3455 344 3501 aut
383 3449 540 3501 miser
577 3465 694 3501 esse
729 3454 875 3516 optat
912 3451 1007 3502 sub
1048 3451 1186 3513 beati
1225 3451 1450 3502 nomine.

2192 3602 2197 3618 -⁴
2189 3446 2202 3566 ‹—<⁴-u.
