2202 3918
646 395 720 467 D
777 392 847 479 Ε
900 393 986 465 Μ
1044 394 1100 464 0
1151 390 1228 463 Ν
1282 391 1326 463 I
1375 390 1439 466 C
1490 393 1563 466 U
1616 394 1701 469 S.

875 523 1052 583 (nist.
1091 521 1206 572 crit.
1245 538 1296 587 p.
1335 522 1478 586 492)

742 762 1656 837 ΑΧΕΛΩΝ]ὀΣ.·)·

458 906 826 964 Ἕσπου-δάκει
864 906 920 962 δ’
961 910 1207 975 ἕκαστος,
1243 908 1316 973 ὠς
1354 906 1430 963 ἂν
1463 909 1657 963 ἑστιῶν

459 1011 576 1087 ἅμα
617 1013 668 1068 τ’
708 1012 996 1082 ὀξύπεινον
1035 1014 1212 1087 ἄνδρα
1250 1018 1343 1069 καὶ
1384 1014 1686 1068 Βοιώτιον·

462 1121 524 1174 τὸ
563 1121 698 1194 γοῦν
736 1120 876 1174 κατὰ
908 1119 1086 1193 χειρὸς
1124 1119 1444 1195 περιγράφει
1483 1122 1607 1186 πᾶς,
1646 1115 1731 1174 ὅτι
1768 1119 1905 1191 μετά

402 1272 405 1275 ,
457 1227 521 1278 τὸ
561 1226 784 1278 δεῖπνον
822 1222 970 1298 αἴῃ-ᾦ
1007 1225 1168 1279 τοῦτο
1207 1224 1451 1295 γίγνεται
1486 1228 1696 1296 λαβεῖν’.

324 1386 335 1394 1
389 1357 689 1410 Athenaeus
740 1358 810 1408 lX
862 1376 911 1424 p.
950 1358 1054 1408 410
1076 1351 1166 1409 dz‘
1198 1355 1471 1423 Πολέμων
1518 1354 1576 1406 ἐν
1625 1354 1756 1427 ἕκτῳ
1803 1353 1912 1406 τῶν
1965 1351 2097 1424 πρὸς

242 1439 575 1511 Ἀντίγονον
622 1443 717 1493 καὶ
758 1438 1003 1495 Ἀὁαῖον
1039 1444 1162 1513 περὶ
1200 1441 1296 1507 τῆς
1335 1443 1608 1514 διαφορᾶς
1653 1443 1795 1511 λέγει
1821 1442 1918 1495 τοῦ
1953 1439 2096 1494 κατὰ

226 1522 422 1603 χειρὸς
464 1529 598 1603 πρὸς
649 1528 713 1582 τὸ
761 1529 1079 1597 νίψασθαι.-
1146 1527 1451 1599 Δημόνικος
1488 1527 1545 1582 δ’
1587 1532 1645 1582 ἐν
1680 1530 1754 1604 τῷ
1784 1526 2098 1601 ῗΑχελωνίῳ

246 1621 310 1674 τὸ
348 1619 455 1692 πρὸ
493 1619 594 1672 τοῦ
632 1615 860 1670 δείπνου
893 1616 1035 1670 κατὰ
1068 1616 1248 1687 χειρός
1298 1637 1439 1689 φησι
1485 1617 1580 1672 διὰ
1617 1617 1824 1670 τούτων
1857 1617 2095 1671 Ἐσπου-

251 1707 404 1760 δάκει
442 1708 554 1759 κτλ.
631 1711 883 1775 Spectant
920 1710 1051 1760 haec
1088 1708 1153 1757 ad
1174 1710 1530 1776 Aristophanis
1568 1710 1890 1775 aliorumque
1925 1725 2095 1775 gram-

246 1800 551 1851 maticorum
570 1798 872 1859 doctrinam,
901 1798 988 1862 qui
1027 1790 1089 1844 τὸ
1126 1790 1266 1844 κατὰ
1287 1785 1466 1864 χειρὀς
1504 1803 1557 1847 et
1595 1791 1657 1845 τὸ
1695 1789 2095 1862 ἀνονίψασθαι

245 1889 444 1940 Atticos
480 1886 552 1935 ita
591 1886 883 1935 distinxisse
919 1885 1243 1945 statuebant,
1288 1891 1350 1934 ut
1398 1884 1527 1934 illud
1576 1884 1641 1934 de
1677 1899 1920 1934 manuum
1957 1884 2095 1934 lava-

245 1976 386 2025 tione
423 1980 542 2024 aute
580 1988 822 2033 coenam,
871 1965 1285 2034 ἀπονίψασθαι
1331 1978 1504 2022 autem
1556 1971 1622 2020 de
1674 1971 1929 2022 lavatione
1977 1976 2096 2036 post

247 2069 471 2112 coenam*
510 2061 786 2110 diceretur.
864 2059 995 2110 Vide
1042 2061 1366 2111 Athenaeum
1407 2059 1528 2112 V-lll
1568 2075 1618 2125 p.
1657 2059 1762 2109 408
1780 2058 1818 2109 f.
1899 2059 2094 2110 Eadem

249 2147 548 2200 Polemonis
587 2147 747 2197 fuisse
785 2147 988 2197 videtur
1027 2148 1290 2211 doctrina3
1329 2165 1390 2199 ex
1415 2164 1516 2214 quo
1554 2155 1955 2201 consentaneum
1995 2156 2088 2209 est,

243 2237 383 2303 quod
428 2234 659 2302 proxime
707 2236 976 2286 subiicitur
1034 2237 1302 2288 Demonici
1364 2237 1716 2288 testimonium
1766 2253 1829 2288 eo
1879 2236 2093 2286 consilio

244 2325 570 2378 Athenaeum
609 2323 869 2386 attulisse,
916 2331 974 2374 ut
1011 2325 1351 2376 Demonicum
1387 2320 1527 2391 κατὰ
1559 2318 1738 2393 χειρὸς
1774 2325 1840 2376 de
1876 2330 2092 2389 utraque

245 2411 501 2462 lavatione
536 2410 731 2459 'dixisse
771 2413 997 2460 doceret.
1042 2412 1179 2462 Hinc
1216 2414 1467 2479 suspicari
1504 2415 1628 2465 licet
1649 2413 1902 2464 Athenaei
1941 2413 2092 2461 verba

245 2501 417 2550 luxata
454 2506 505 2547 et
542 2498 610 2570 ita
657 2498 1056 2566 redintegranda
1094 2516 1238 2550 esse:
1276 2497 1334 2548 ἐν
1372 2497 1446 2571 τῷ
1478 2494 1767 2568 Ἀχελωνίῳ
1803 2493 1865 2548 τό
1906 2515 1958 2547 τε
1985 2495 2090 2565 πρὸ

246 2583 345 2635 τοῦ
393 2578 619 2633 δείπνου
669 2585 792 2648 [καὶ
820 2582 904 2659 Ῑτὸ
955 2583 1095 2651 μετὰ
1143 2583 1206 2636 τὸ
1245 2585 1493 2661 δεῖπνον]
1541 2583 1682 2638 κατὰ
1725 2579 1903 2655 χειρός
1951 2602 2091 2656 φησι

245 2670 349 2724 διὰ
378 2667 601 2722 τούτων.
690 2673 819 2723 'l'ale
866 2676 988 2739 quid
1026 2676 1120 2725 nisi
1159 2676 1333 2727 dicere
1372 2678 1535 2727 voluit
1570 2678 1887 2736 Athenaeus,
1942 2691 2089 2740 pror-

246 2777 336 2812 sus
371 2760 568 2810 inutilis
608 2767 718 2810 erat
757 2762 1022 2812 Demonici
1061 2763 1266 2827 citatio,
1314 2780 1470 2830 quum
1519 2760 1582 2812 τό
1625 2758 1766 2812 κατὰ
1811 2757 1989 2830 χειρὸς
2025 2762 2090 2812 de

248 2849 507 2899 lavatione
533 2861 775 2896 manuum
799 2854 917 2898 ante
945 2865 1157 2901 coenam
1183 2853 1476 2918 peragenda
1515 2852 1614 2903 dici
1653 2832 1883 2918 plurimis
1920 2870 2092 2903 exem-

250 2938 349 3004 plis
387 2937 487 2984 iam
526 2935 578 2984 in
616 2936 970 2999 superioribus
1009 2938 1258 2988 docuerit.
1346 2941 1591 2991 Ceterum
1642 2942 1797 2991 verba
1848 2935 1911 2989 τὸ
1957 2938 2091 3006 γοῦν

246 3018 387 3074 κατὰ
426 3018 604 3088 χειρὸς
642 3029 741 3071 etc.
795 3039 897 3072 non
948 3026 1204 3075 Athenaei
1253 3042 1396 3089 esse,
1447 3029 1529 3078 cui
1576 3029 1730 3094 vulgo
1778 3030 2088 3092 tribuuntur,

249 3112 346 3163 sed
383 3126 500 3160 cum
531 3109 797 3175 prioribus
835 3110 1105 3162 Demonici
1150 3103 1383 3164 versibus
1431 3116 1790 3181 coniungenda
1837 3132 1986 3177 esse,
2035 3126 2088 3167 et

234 3215 332 3250 'res
366 3198 477 3265 ipsa
515 3195 670 3271 docet
719 3203 771 3246 et
809 3201 1008 3250 monuit
1057 3201 1162 3251 iam.
1196 3202 1746 3268 Schweighaeuserus‚
1798 3205 1880 3254 cui
1928 3206 2087 3255 miror

370 3338 415 3389 *)
447 3337 502 3381 V.
531 3337 646 3380 Hist.
680 3339 774 3381 crit.
806 3355 847 3394 p.
881 3340 997 3385 492.Ἰ
1057 3344 1266 3385 Fortasse
1305 3346 1446 3384 tamen
1475 3347 1591 3387 recte
1620 3342 1924 3398 Dalecampius
1955 3341 2084 3398 Ἀχε-

248 3412 355 3470 λῷος
387 3413 558 3456 fabulae
593 3413 763 3458 titulum
795 3415 913 3459 secit-
1412 3423 1417 3424 ⁷

2169 3131 2202 3204 ’ζῆ
