2202 3918
274 201 369 236 vm
991 177 1418 233 PRAEFATlo.

279 341 355 385 eo
406 327 521 401 quo
586 319 646 382 h.
689 321 729 382 l.
794 319 1046 402 positum
1101 324 1198 379 est
1253 336 1436 378 sensu
1496 339 1610 382 nec
1676 319 1856 382 dictio
1917 331 2118 395 στεναῖς

184 440 186 442 ’
280 429 508 507 φράζειν
556 420 721 483 attici
777 419 1013 501 saporis
1070 417 1206 478 mihi
1250 437 1394 478 esse
1440 419 1766 481 videbatur.
1854 422 2119 485 Similem

281 524 358 588 ob
399 543 640 586 causam
683 519 920 582 exclusi
963 539 1112 601 quos
1137 517 1644 581 Schneidewinus
1672 519 1946 584 Coniect.
1989 524 2120 587 crit.

282 646 342 711 p.
397 625 523 687 119
578 621 914 684 Menandro
970 620 1278 683 vindicare
1332 621 1571 684 volebat
1614 642 1832 684 versus
1885 625 1959 685 ab
2002 625 2123 685 Mi-

283 728 496 791 chaele
542 723 822 807 Syngelo
865 723 926 786 in
971 722 1244 786 Crameri
1285 723 1522 786 Anecd.
1565 724 1878 787 Oxon.1V
1919 747 1978 809 p.
1998 726 2125 788 253

283 829 368 892 15
412 832 720 891 servatos:

480 924 490 929 ’
537 921 773 982 Φύλλων
805 919 1052 993 λαγωοὺς
1086 923 1424 995 ἑκφοβοῦσιν
1462 925 1516 979 οἱ
1553 922 1764 991 κτύποι,

533 1012 743 1088 ἄνδρας
782 1009 835 1065 δ’
878 1008 1189 1084 ἀνάνδρους
1226 1014 1287 1066 αἱ
1324 1015 1480 1066 σκιαὶ
1515 1014 1627 1067 τῶν
1664 1012 2022 1084 πραγμάτων.

283 1106 373 1170 At
415 1107 568 1170 enim
613 1107 671 1167 hi
716 1125 935 1167 versus
982 1122 1172 1185 neque
1210 1105 1623 1167 Menandrium
1667 1126 1858 1186 neque
1897 1106 2128 1168 omnino

285 1210 523 1271 atticum
563 1208 824 1271 colorem
851 1206 1085 1283 habent,
1131 1227 1166 1267 a
1198 1228 1439 1288 quorum
1471 1229 1580 1268 usu
1612 1209 1923 1291 trisyllaba
1947 1210 2132 1272 forma

284 1319 515 1393 λαγωός,
548 1331 718 1392 quam
750 1308 936 1371 invito
961 1315 1146 1372 metro
1169 1309 1414 1372 codices
1443 1309 1660 1372 habent
1701 1310 1761 1372 in
1803 1311 1954 1374 locis
1980 1313 2131 1373 Phi-

284 1413 536 1476 lemonis
569 1413 815 1494 Fragm.
841 1410 958 1472 inc.
982 1412 1099 1473 fab.
1144 1412 1234 1472 ΙΙΙ
1275 1412 1316 1473 5
1360 1417 1420 1473 et
1443 1410 1748 1493 Euangeli
1773 1419 2133 1483 Ἀνακαλυπτ.

282 1536 378 1578 vs.
423 1514 462 1575 6
506 1515 691 1598 longe
734 1519 959 1580 remota
1001 1512 1115 1576 est.
1174 1511 1287 1577 cfr
1322 1513 1700 1596 Phrynichus
1750 1515 1883 1578 Ecl.
1910 1516 2136 1599 p.186.

283 1617 374 1679 At
416 1615 526 1678 fuit
567 1619 745 1681 etiam
787 1619 887 1682 ubi
931 1638 1008 1679 ne
1052 1616 1296 1678 disertis
1341 1615 1574 1698 quidem
1624 1619 2135 1698 grammaticorum

285 1719 640 1781 testimoniis
684 1721 856 1783 fidem
902 1720 1208 1797 haberem,
1252 1738 1334 1781 ex
1375 1738 1490 1800 quo
1534 1738 1759 1799 genere
1802 1726 1939 1783 sunt
1985 1720 2137 1784 haec

284 1841 435 1902 quae
455 1821 706 1885 Photius
746 1822 992 1907 scripsit
1016 1842 1075 1905 p.
1099 1821 1226 1883 383
1270 1821 1330 1884 2.
1375 1829 1754 1905 Παράδεισοςε
1791 1832 1856 1890 τὸ
1893 1831 2137 1899 ἐνεστώς.

285 1918 546 1988 σημαίνει
594 1922 653 1976 δὲ
707 1915 828 1978 οἷον
877 1921 940 1976 τὸ
987 1922 1494 1993 ἐμπεριπατεῖσθαι
1537 1923 1868 1993 τεθειμένως
1905 1921 2000 1976 διὰ
2037 1922 2140 1988 τὴν

285 2004 702 2076 ἀναισθησίαν.
753 2009 784 2066 ὁ
820 2010 927 2083 γὰρ
964 2007 1302 2082 παράδεισος
1335 2009 1426 2063 ἐπὶ
1462 2011 1561 2064 τοῦ
1598 2007 1901 2084 περιπάτου
1939 2011 2141 2081 δένδρα

285 2098 380 2150 καὶ
417 2091 599 2151 ὕδατα
636 2098 871 2169 ἔχοντος.
911 2102 1013 2153 ,καὶ
1044 2100 1289 2170 χρῶνται
1325 2101 1559 2170 συνεχῶς
1597 2101 1650 2153 οὶ
1685 2102 1916 2170 κωμικοὶ
1950 2101 2143 2154 τιθέν-

284 2205 372 2251 τες
407 2185 507 2239 τὸν
545 2184 887 2259 παράδεισον
922 2189 1012 2241 ἐπὶ
1050 2187 1158 2239 τῶν
1195 2182 1586 2253 ἀναισθήτων.
1639 2185 1759 2242 ἔστι
1795 2189 1853 2242 δὲ
1895 2185 2143 2258 τοῦνομα

288 2287 548 2360 περσικὸν
595 2291 691 2343 καὶ
739 2289 954 2361 λέγεται
989 2287 1281 2361 φαρδαιθί
1318 2289 1667 2362 (φαρδαισί).
1742 2276 1860 2341 Cui
1894 2279 2143 2360 glossae

290 2380 698 2443 emendandae
741 2381 860 2443 etsi
894 2401 987 2442 me
1022 2380 1302 2464 imparem
1345 2401 1489 2444 esse
1529 2380 1744 2460 sentio,
1789 2380 1903 2442 hoc
1948 2364 2141 2442 tamen

291 2481 650 2564 intellegere
693 2482 831 2543 milli
872 2483 1084 2543 videor
1136 2493 1241 2559 τὴν
1289 2489 1685 2568 ἀναισθησίαν
1718 2489 1780 2546 et
1815 2494 1927 2548 τῶν
1976 2490 2143 2548 ἀναι-

291 2593 529 2662 σθήτων
567 2583 643 2646 ad
689 2586 873 2666 longe
906 2583 1076 2645 aliam
1115 2605 1188 2647 ac
1219 2586 1406 2669 primo
1446 2585 1737 2669 adspectu
1770 2585 1959 2648 videri
1993 2605 2141 2667 pos-

294 2687 374 2747 sit
413 2686 769 2749 sententiam
814 2687 1155 2748 revocanda
1197 2708 1360 2750 esse.
1433 2687 1724 2750 Nimirum
1766 2708 1865 2750 res
1910 2686 1985 2746 ad
2029 2707 2142 2748 ve-

292 2794 457 2849 teres
504 2789 867 2851 christianae
911 2789 1211 2853 ecclesiae
1255 2789 1537 2853 doctores
1582 2795 1843 2874 spectat,
1900 2808 2142 2868 quorum
2194 2837 2196 2843 ,

289 2888 388 2949 alii
446 2890 785 2971 paradisum
845 2911 1128 2954 sensuum
1195 2893 1565 2976 perceptioni
1628 2890 1955 2952 subiectum
2040 2889 2140 2951 alii
2192 2912 2195 2950 ff

294 2991 532 3051 nonnisi
587 2998 783 3054 mente
839 3001 902 3055 et
945 2994 1310 3077 cogitatione
1364 2991 1951 3075 comprehensibilem
1996 3011 2143 3054 esse
2190 3025 2193 3052 :

290 3093 649 3154 statuebant.
698 3095 820 3155 xUt
863 3093 1014 3157 alios
1058 3104 1261 3179 patres
1307 3096 1562 3156 omittam
1620 3091 1776 3177 apud
1817 3093 2140 3155 Iohannem
2189 3090 2191 3134 ἕ

2187 3208 2189 3234 l

287 3193 570 3255 Damaso.
617 3194 693 3256 de
737 3196 895 3258 Fide
940 3197 1172 3258 orthod.
1210 3197 1304 3258 XI
1345 3197 1426 3258 11
1480 3196 1631 3257 haec
1689 3195 1997 3275 leguntur:
2048 3210 2144 3262 καὶ
2186 3256 2187 3259 ,

286 3283 444 3355 οὗτός
493 3293 644 3346 ἐστιν
692 3290 722 3346 ὁ
772 3297 931 3357 θεῖος
977 3293 1315 3367 παράδεισος
1360 3326 1430 3336 -
1479 3295 1539 3347 ἐν
1591 3294 1657 3368 τῇ
1705 3290 2008 3370 ἁνατολικῇ
2044 3300 2146 3366 μὲν
2185 3312 2187 3338 ἱ

281 3377 465 3448 πάσης
512 3381 608 3447 τῆς
653 3382 752 3452 γῆς
800 3379 1141 3458 ὑψηλότερος
1189 3384 1465 3455 κείμενος,
1526 3380 1759 3456 εὐκραὴς
1809 3383 1868 3436 δὲ
1919 3381 2039 3458 ἀέρι
2088 3403 2145 3439 τε
2184 3384 2185 3443 ἲ
