2202 3918
258 192 370 248 81⁶
858 194 939 216 ·’
998 193 1380 246 MENANnm
1439 202 1442 206 '
1488 222 1490 224 ·

1053 333 1313 386 GDX'VH.

404 437 609 506 Suidas,
655 434 1098 507 Ἀπὲφησενε
1150 431 1279 488 ἀντὶ
1314 434 1417 490 τ’-οὗ-
1448 432 1684 491 ἀντεῖπε.
1760 435 2104 508 Μένανδρος.

265 531 463 585 Eadem
502 529 726 581 Lexicon
764 529 984 593 Seguer.
1023 540 1072 592 p.
1111 528 1236 578 423.
1272 557 1279 563 ·

1044 653 1333 708 CDXVIII.

405 764 607 826 Suidas,
647 752 1111 828 Ἀδράστειαε
1167 757 1222 809 οἱ
1266 758 1368 826 μὲν
1414 753 1518 820 τὴν
1563 751 1741 821 αὐτὴν
1774 755 1842 831 τῇ
1876 758 2113 828 Νεμέσει

267 851 610 919 λέγουσιν-
638 844 773 900 ἔνιοι
808 845 998 915 μέντοι
1034 842 1106 908 ὥς
1141 843 1218 916 μὴ
1259 844 1639 915 διαφέρουσαν
1674 846 2139 913 συγκαταλέγου-·

237 957 356 994 »σιν
403 922 586 1001 αὐτὴν
627 933 694 1010 τῇ
743 935 1006 1005 Νεμέσει,
1062 931 1134 997 ὥς
1185 934 1512 1002 ΠΙένανδρος
1570 935 1667 987 καὶ
1713 931 2111 1014 Νικόστρατος.

263 1031 461 1084 Eadem
498 1029 657 1079 habet
696 1028 820 1077 Lex·
860 1026 1079 1093 Seguer.
1118 1043 1169 1092 p.
1207 1026 1330 1077 342.
1379 1026 1469 1076 ubi
1517 1021 1594 1092 μὴ
1645 1032 1790 1080 reete
1836 1029 2111 1080 omittitur.

264 1119 512 1172 Aelianus
551 1115 689 1183 apud
712 1115 924 1166 Suidam
961 1131 1008 1166 v.
1041 1108 1311 1183 σοβαρόςε
1349 1106 1447 1164 οὐκ
1482 1107 1692 1180 ἀλέγων
1723 1111 2114 1186 Ἀδράστειαν,

262 1201 389 1257 οὐδὲ
426 1202 670 1272 Νέμεσιν
704 1196 1094 1269 ἐμπαζόμενος.

1074 1315 1310 1369 CDXIX.

407 1423 611 1486 SuidaS,
655 1418 711 1473 (Ι)
726 1438 756 1490 ρ
769 1437 801 1471 v
815 1415 851 1471 ά
865 1437 895 1471 τ
907 1437 937 1471 τ
954 1439 978 1471 ε
991 1437 1025 1472 σ
1039 1419 1090 1472 θ
1102 1439 1139 1471 α
1155 1438 1174 1471 ι
1190 1442 1204 1474 :
1243 1416 1307 1471 τὸ
1343 1415 1763 1485 καταπλήττειν.
1800 1415 1973 1488 οὕτως
1995 1424 2116 1478 Μὲ..

263 1509 515 1580 νανδρος.
588 1511 789 1565 Eadem
824 1511 984 1563 habet
1019 1512 1250 1578 Etymol.
1289 1510 1366 1562 M.
1404 1526 1445 1563 s-
1483 1528 1530 1564 ν.
1568 1507 1852 1582 φρύαγμα.

1086 1638 1292 1693 CDXX.

413 1746 618 1810 suida,
661 1743 716 1796 X
730 1742 762 1795 λ
776 1762 816 1794 ω
831 1760 862 1814 ρ
876 1737 906 1794 ὀ
922 1758 976 1797 νε
1014 1739 1078 1794 τὸ
1118 1737 1377 1824 ἀκμάζον.
1422 1742 1766 1827 Μένανδρος.
1813 1747 1875 1801 V.
1898 1749 1979 1802 ed.
1999 1750 2115 1803 mai.

1084 1875 1317 1926 CDXXI.

410 1982 613 2034 Charax
651 1997 702 2047 p.
723 1981 911 2031 228b:
949 1974 1100 2046 παρὰ
1139 1973 1449 2050 Μενάνδρῳ
1486 1977 1811 2048 σημειοῢται
1846 1976 1910 2032 τὸ
1948 1976 2116 2053 πρός

264 2088 342 2140 με
378 2067 653 2137 synam-fv.
730 2069 929 2120 Eadem
967 2069 1022 2119 in
1060 2067 1284 2119 Bekkeri
1322 2070 1420 2120 An.
1456 2069 1545 2120 Gr.
1584 2087 1636 2136 p.
1682 2069 1836 2123 1154.

1058 2196 1270 2248 CDXXI
1279 2197 1317 2248 1.

409 2304 697 2356 Scholiasta
746 2302 980 2367 Dionysii
1031 2302 1252 2354 Thracis
1301 2321 1350 2370 p.
1388 2304 1522 2355 857:
1583 2300 1647 2354 τὸ
1701 2300 2118 2373 ὑποκοριστικόν

269 2387 569 2444 ε’λάττωσὶν
606 2405 731 2440 τινα
770 2383 1028 2455 σημαίνει
1065 2421 1131 2428 --
1181 2384 1254 2450 ὥς
1305 2387 1455 2459 παρὰ
1493 2387 1808 2464 Μενάνδρῳ
1859 2391 2119 2458 νηττά-

271 2496 439 2550 ριον.
514 2481 891 2531 Grammaticus
931 2479 1165 2529 Crameri
1204 2481 1400 2532 Anecd.
1443 2482 1511 2532 1V
1550 2499 1600 2548 p.
1638 2485 1741 2533 329
1781 2483 1876 2533 15:
1914 2481 2120 2534 πολλά-

269 2587 351 2630 κις
388 2563 848 2626 ὑποθωπεὺοντες
885 2560 1152 2626 τοιούτοις
1187 2562 1503 2634 κεχρήμεθα
1538 2564 1824 2637 ὀνόμασιν,
1861 2565 1933 2631 ὥς
1962 2556 2139 2640 παρά

274 2651 584 2726 Μενάνδρῳ
621 2649 1015 2723 νηττάριον,
1091 2655 1316 2707 praeivit
1352 2659 1619 2726 Aristoph.
1663 2660 1799 2712 Plut.
1839 2661 1994 2714 1011.

1052 2784 1338 2836 CDXXIH.

415 2890 641 2941 Lexicon
683 2891 900 2957 Seguer.
939 2907 990 2957 p.
1029 2890 1163 2941 353:
1201 2883 1614 2953 ”Αθαπτος,
1648 2886 1678 2942 ὁ
1715 2888 1792 2964 μὴ
1831 2892 2118 2965 τεθαμμέ-

274 2994 381 3042 νος,
420 2976 571 3043 παρά
609 2973 933 3048 Μενάνδρῳ.

1062 3050 1337 3103 CDXXIV.

421 3157 764 3208 Antiattieista
804 3174 853 3221 p.
895 3156 1021 3206 115:
1068 3149 1471 3207 ‘Yndffeotv
1505 3151 1629 3208 άντὶ
1668 3155 1767 3209 τοῦ
1800 3155 2115 3225 ὑποθήκην.

281 3240 623 3309 Μένανδρος.
697 3245 942 3294 Similiter
990 3238 1266 3305 ἀπόθεσις
1315 3243 1469 3295 οἴνου
1517 3265 1610 3313 pro
1659 3243 1925 3311 ἀποθήκη
1963 3248 2118 3303 οἴνου

280 3334 403 3387 dixit
443 3332 764 3397 Philippides
806 3335 942 3399 apud
982 3336 1241 3386 Antiattic.
1279 3337 1419 3402 p.80
1456 3336 1526 3386 32
1564 3342 1615 3387 et
1652 3338 1944 3404 Hyperides
1982 3344 2117 3408 apud

281 3422 482 3475 Polluc.
521 3420 593 3474 lX
627 3421 695 3473 34
733 3416 996 3487 ἐξαίρεσις
1033 3423 1099 3474 de
1137 3424 1250 3476 loco
1290 3413 1429 3505 ὅπου
1465 3419 1534 3474 τὰ
1570 3420 1772 3495 φορτία
1809 3422 2118 3498 ἐξαιρεῖται.
