<?xml version="1.0" encoding="UTF-8"?>
<!DOCTYPE html PUBLIC "-//W3C//DTD XHTML 1.0 Transitional//EN"
    "http://www.w3.org/TR/xhtml1/DTD/xhtml1-transitional.dtd">
<html xmlns="http://www.w3.org/1999/xhtml" xml:lang="en" lang="en">
 <head>
  <title>
</title>
<meta http-equiv="Content-Type" content="text/html;charset=utf-8" />
  <meta name='ocr-system' content='tesseract 3.04.00' />
  <meta name='ocr-capabilities' content='ocr_page ocr_carea ocr_par ocr_line ocrx_word'/>
</head>
<body>
  <div class='ocr_page' id='page_1' title='image "./fragmentacomicor04meinuoft/fragmentacomicor04meinuoft_0822.png"; bbox 0 0 2202 3918; ppageno 0'>
   <div class='ocr_carea' id='block_1_1' title="bbox 283 203 1388 260">
    <p class='ocr_par' dir='ltr' id='par_1_1' title="bbox 283 203 1388 260">
     <span class='ocr_line' id='line_1_1' title="bbox 283 203 1388 260; baseline -0.004 -1"><span class='ocrx_word' id='word_1_1' title='bbox 283 208 391 260; x_wconf 79' lang='lat' dir='ltr'>eoo</span> <span class='ocrx_word' id='word_1_2' title='bbox 1012 203 1388 257; x_wconf 78' lang='lat' dir='ltr'>MENANan</span> 
     </span>
    </p>
   </div>
   <div class='ocr_carea' id='block_1_2' title="bbox 306 344 1987 3508">
    <p class='ocr_par' dir='ltr' id='par_1_2' title="bbox 321 344 1776 767">
     <span class='ocr_line' id='line_1_2' title="bbox 321 344 1725 415; baseline -0.001 -16"><span class='ocrx_word' id='word_1_3' title='bbox 321 348 391 400; x_wconf 83' lang='lat'>15</span> <span class='ocrx_word' id='word_1_4' title='bbox 427 348 622 401; x_wconf 88' lang='lat' dir='ltr'>Damna</span> <span class='ocrx_word' id='word_1_5' title='bbox 659 345 955 398; x_wconf 85' lang='lat' dir='ltr'>hominibus</span> <span class='ocrx_word' id='word_1_6' title='bbox 993 345 1081 415; x_wconf 68' lang='lat' dir='ltr'>dat</span> <span class='ocrx_word' id='word_1_7' title='bbox 1119 345 1279 396; x_wconf 88' lang='lat' dir='ltr'>multa</span> <span class='ocrx_word' id='word_1_8' title='bbox 1317 344 1499 398; x_wconf 76' lang='lat' dir='ltr'>consili</span> <span class='ocrx_word' id='word_1_9' title='bbox 1536 347 1725 413; x_wconf 89' lang='lat' dir='ltr'>inopia.</span> 
     </span>
     <span class='ocr_line' id='line_1_3' title="bbox 424 434 1668 500; baseline -0.005 -11"><span class='ocrx_word' id='word_1_10' title='bbox 424 436 704 489; x_wconf 86' lang='lat' dir='ltr'><strong>Hominem</strong></span> <span class='ocrx_word' id='word_1_11' title='bbox 741 451 858 487; x_wconf 88' lang='lat' dir='ltr'>esse</span> <span class='ocrx_word' id='word_1_12' title='bbox 895 439 1054 486; x_wconf 85' lang='lat' dir='ltr'>temet</span> <span class='ocrx_word' id='word_1_13' title='bbox 1089 435 1347 500; x_wconf 89' lang='lat' dir='ltr'>perpetim</span> <span class='ocrx_word' id='word_1_14' title='bbox 1385 435 1521 485; x_wconf 89' lang='lat' dir='ltr'>dicta</span> <span class='ocrx_word' id='word_1_15' title='bbox 1558 434 1668 484; x_wconf 90' lang='lat' dir='ltr'>tibi.</span> 
     </span>
     <span class='ocr_line' id='line_1_4' title="bbox 424 523 1542 589; baseline -0.003 -14"><span class='ocrx_word' id='word_1_16' title='bbox 424 526 508 576; x_wconf 92' lang='lat' dir='ltr'>Ne</span> <span class='ocrx_word' id='word_1_17' title='bbox 540 524 765 575; x_wconf 89' lang='lat' dir='ltr'>iudicato</span> <span class='ocrx_word' id='word_1_18' title='bbox 802 523 902 575; x_wconf 91' lang='lat' dir='ltr'>nisi</span> <span class='ocrx_word' id='word_1_19' title='bbox 938 523 1075 573; x_wconf 91' lang='lat' dir='ltr'>bene</span> <span class='ocrx_word' id='word_1_20' title='bbox 1110 523 1342 573; x_wconf 89' lang='lat' dir='ltr'>auditum</span> <span class='ocrx_word' id='word_1_21' title='bbox 1379 523 1542 589; x_wconf 88' lang='lat' dir='ltr'>prius.</span> 
     </span>
     <span class='ocr_line' id='line_1_5' title="bbox 428 612 1776 677; baseline -0.004 -10"><span class='ocrx_word' id='word_1_22' title='bbox 428 614 698 676; x_wconf 83' lang='lat' dir='ltr'>Abstrusa,</span> <span class='ocrx_word' id='word_1_23' title='bbox 734 612 936 663; x_wconf 89' lang='lat' dir='ltr'>omissis</span> <span class='ocrx_word' id='word_1_24' title='bbox 974 627 1107 677; x_wconf 91' lang='lat' dir='ltr'>quae</span> <span class='ocrx_word' id='word_1_25' title='bbox 1144 616 1342 677; x_wconf 83' lang='lat' dir='ltr'>patent,</span> <span class='ocrx_word' id='word_1_26' title='bbox 1379 625 1597 676; x_wconf 82' lang='lat' dir='ltr'>quaeras</span> <span class='ocrx_word' id='word_1_27' title='bbox 1635 624 1776 661; x_wconf 87' lang='lat' dir='ltr'>cave.</span> 
     </span>
     <span class='ocr_line' id='line_1_6' title="bbox 411 691 1739 767; baseline -0.005 -13"><span class='ocrx_word' id='word_1_28' title='bbox 411 691 599 755; x_wconf 50' lang='lat' dir='ltr'>‘Malus</span> <span class='ocrx_word' id='word_1_29' title='bbox 635 701 774 767; x_wconf 89' lang='lat' dir='ltr'>quod</span> <span class='ocrx_word' id='word_1_30' title='bbox 810 705 891 752; x_wconf 86' lang='lat' dir='ltr'>est</span> <span class='ocrx_word' id='word_1_31' title='bbox 927 701 1125 763; x_wconf 87' lang='lat' dir='ltr'>beatus,</span> <span class='ocrx_word' id='word_1_32' title='bbox 1161 700 1264 750; x_wconf 92' lang='lat' dir='ltr'>hoc</span> <span class='ocrx_word' id='word_1_33' title='bbox 1299 700 1413 765; x_wconf 90' lang='lat' dir='ltr'>ipso</span> <span class='ocrx_word' id='word_1_34' title='bbox 1450 703 1531 748; x_wconf 90' lang='lat' dir='ltr'>est</span> <span class='ocrx_word' id='word_1_35' title='bbox 1567 698 1739 749; x_wconf 86' lang='lat' dir='ltr'>miser.</span> 
     </span>
    </p>

    <p class='ocr_par' dir='ltr' id='par_1_3' title="bbox 318 787 1610 946">
     <span class='ocr_line' id='line_1_7' title="bbox 318 787 1610 853; baseline -0.005 -9"><span class='ocrx_word' id='word_1_36' title='bbox 318 793 391 844; x_wconf 80' lang='lat'>2⁰</span> <span class='ocrx_word' id='word_1_37' title='bbox 427 790 686 852; x_wconf 87' lang='lat' dir='ltr'>Mortalis,</span> <span class='ocrx_word' id='word_1_38' title='bbox 720 787 829 840; x_wconf 89' lang='lat' dir='ltr'>irae</span> <span class='ocrx_word' id='word_1_39' title='bbox 868 788 1012 839; x_wconf 88' lang='lat' dir='ltr'>disce</span> <span class='ocrx_word' id='word_1_40' title='bbox 1050 788 1306 839; x_wconf 88' lang='lat' dir='ltr'>moderari</span> <span class='ocrx_word' id='word_1_41' title='bbox 1341 788 1610 853; x_wconf 87' lang='lat' dir='ltr'>impetum.</span> 
     </span>
     <span class='ocr_line' id='line_1_8' title="bbox 427 876 1454 946; baseline -0.007 -13"><span class='ocrx_word' id='word_1_42' title='bbox 427 879 693 946; x_wconf 86' lang='lat' dir='ltr'>Supplicia</span> <span class='ocrx_word' id='word_1_43' title='bbox 731 893 885 928; x_wconf 91' lang='lat' dir='ltr'>nemo</span> <span class='ocrx_word' id='word_1_44' title='bbox 922 876 1093 943; x_wconf 81' lang='lat' dir='ltr'>fugiet</span> <span class='ocrx_word' id='word_1_45' title='bbox 1127 876 1454 927; x_wconf 82' lang='lat' dir='ltr'>insolentiae.</span> 
     </span>
    </p>

    <p class='ocr_par' dir='ltr' id='par_1_4' title="bbox 423 965 1756 1208">
     <span class='ocr_line' id='line_1_9' title="bbox 423 965 1508 1031; baseline -0.002 -13"><span class='ocrx_word' id='word_1_46' title='bbox 423 971 450 1000; x_wconf 73' lang='grc'><em>·</em></span> <span class='ocrx_word' id='word_1_47' title='bbox 485 968 640 1019; x_wconf 87' lang='lat' dir='ltr'>Vires</span> <span class='ocrx_word' id='word_1_48' title='bbox 670 965 894 1031; x_wconf 81' lang='lat' dir='ltr'>adauget</span> <span class='ocrx_word' id='word_1_49' title='bbox 929 965 1168 1016; x_wconf 89' lang='lat' dir='ltr'>omnibus</span> <span class='ocrx_word' id='word_1_50' title='bbox 1204 965 1508 1016; x_wconf 87' lang='lat' dir='ltr'>necessitas.</span> 
     </span>
     <span class='ocr_line' id='line_1_10' title="bbox 427 1053 1517 1120; baseline -0.004 -13"><span class='ocrx_word' id='word_1_51' title='bbox 427 1056 516 1108; x_wconf 85' lang='lat' dir='ltr'>Nil</span> <span class='ocrx_word' id='word_1_52' title='bbox 552 1055 709 1106; x_wconf 77' lang='lat' dir='ltr'>facito</span> <span class='ocrx_word' id='word_1_53' title='bbox 749 1053 1000 1105; x_wconf 88' lang='lat' dir='ltr'>discitove</span> <span class='ocrx_word' id='word_1_54' title='bbox 1035 1058 1185 1120; x_wconf 87' lang='lat' dir='ltr'>turpe</span> <span class='ocrx_word' id='word_1_55' title='bbox 1224 1053 1362 1119; x_wconf 90' lang='lat' dir='ltr'>quod</span> <span class='ocrx_word' id='word_1_56' title='bbox 1401 1054 1517 1104; x_wconf 86' lang='lat' dir='ltr'>siet.</span> 
     </span>
     <span class='ocr_line' id='line_1_11' title="bbox 424 1140 1756 1208; baseline -0.002 -13"><span class='ocrx_word' id='word_1_57' title='bbox 424 1143 667 1195; x_wconf 87' lang='lat' dir='ltr'>Hominis</span> <span class='ocrx_word' id='word_1_58' title='bbox 703 1142 824 1192; x_wconf 90' lang='lat' dir='ltr'>mali</span> <span class='ocrx_word' id='word_1_59' title='bbox 859 1156 1232 1207; x_wconf 87' lang='lat' dir='ltr'>usquequaque</span> <span class='ocrx_word' id='word_1_60' title='bbox 1260 1156 1577 1207; x_wconf 75' lang='lat' dir='ltr'>congressus</span> <span class='ocrx_word' id='word_1_61' title='bbox 1612 1140 1756 1208; x_wconf 81' lang='lat' dir='ltr'>fuge.</span> 
     </span>
    </p>

    <p class='ocr_par' dir='ltr' id='par_1_5' title="bbox 321 1229 1779 1647">
     <span class='ocr_line' id='line_1_12' title="bbox 321 1229 1707 1297; baseline -0.002 -14"><span class='ocrx_word' id='word_1_62' title='bbox 321 1230 395 1283; x_wconf 78' lang='lat'>25</span> <span class='ocrx_word' id='word_1_63' title='bbox 434 1230 740 1283; x_wconf 86' lang='lat' dir='ltr'>Scribantur</span> <span class='ocrx_word' id='word_1_64' title='bbox 774 1230 828 1280; x_wconf 90' lang='lat' dir='ltr'>in</span> <span class='ocrx_word' id='word_1_65' title='bbox 866 1244 998 1295; x_wconf 91' lang='lat' dir='ltr'>aqua</span> <span class='ocrx_word' id='word_1_66' title='bbox 1035 1230 1079 1279; x_wconf 89' lang='lat' dir='ltr'>si</span> <span class='ocrx_word' id='word_1_67' title='bbox 1116 1244 1216 1294; x_wconf 90' lang='lat' dir='ltr'>qua</span> <span class='ocrx_word' id='word_1_68' title='bbox 1252 1229 1387 1279; x_wconf 85' lang='lat' dir='ltr'>iurat</span> <span class='ocrx_word' id='word_1_69' title='bbox 1424 1230 1707 1297; x_wconf 87' lang='lat' dir='ltr'>improbus.</span> 
     </span>
     <span class='ocr_line' id='line_1_13' title="bbox 427 1317 1779 1384; baseline -0.001 -13"><span class='ocrx_word' id='word_1_70' title='bbox 427 1319 588 1371; x_wconf 86' lang='lat' dir='ltr'>Cuius</span> <span class='ocrx_word' id='word_1_71' title='bbox 624 1322 779 1368; x_wconf 88' lang='lat' dir='ltr'>notae</span> <span class='ocrx_word' id='word_1_72' title='bbox 816 1319 883 1369; x_wconf 85' lang='lat' dir='ltr'>sit</span> <span class='ocrx_word' id='word_1_73' title='bbox 921 1318 1158 1384; x_wconf 91' lang='lat' dir='ltr'>quisque,</span> <span class='ocrx_word' id='word_1_74' title='bbox 1195 1317 1442 1370; x_wconf 88' lang='lat' dir='ltr'>indicium</span> <span class='ocrx_word' id='word_1_75' title='bbox 1480 1319 1645 1369; x_wconf 91' lang='lat' dir='ltr'>oratio</span> <span class='ocrx_word' id='word_1_76' title='bbox 1682 1322 1779 1369; x_wconf 88' lang='lat' dir='ltr'>est.</span> 
     </span>
     <span class='ocr_line' id='line_1_14' title="bbox 426 1405 1738 1474; baseline -0.001 -15"><span class='ocrx_word' id='word_1_77' title='bbox 426 1407 584 1459; x_wconf 88' lang='lat' dir='ltr'>Haud</span> <span class='ocrx_word' id='word_1_78' title='bbox 620 1405 822 1457; x_wconf 87' lang='lat' dir='ltr'>fructus</span> <span class='ocrx_word' id='word_1_79' title='bbox 860 1406 972 1458; x_wconf 90' lang='lat' dir='ltr'>eius</span> <span class='ocrx_word' id='word_1_80' title='bbox 1010 1406 1096 1473; x_wconf 89' lang='lat' dir='ltr'>qui</span> <span class='ocrx_word' id='word_1_81' title='bbox 1133 1406 1210 1456; x_wconf 87' lang='lat' dir='ltr'>vir</span> <span class='ocrx_word' id='word_1_82' title='bbox 1248 1411 1328 1456; x_wconf 87' lang='lat' dir='ltr'>est</span> <span class='ocrx_word' id='word_1_83' title='bbox 1363 1408 1550 1470; x_wconf 87' lang='lat' dir='ltr'>iustus,</span> <span class='ocrx_word' id='word_1_84' title='bbox 1585 1407 1738 1474; x_wconf 87' lang='lat' dir='ltr'>perit.</span> 
     </span>
     <span class='ocr_line' id='line_1_15' title="bbox 424 1495 1717 1562; baseline -0.001 -14"><span class='ocrx_word' id='word_1_85' title='bbox 424 1497 701 1562; x_wconf 85' lang='lat' dir='ltr'>Nunquam</span> <span class='ocrx_word' id='word_1_86' title='bbox 739 1495 876 1546; x_wconf 90' lang='lat' dir='ltr'>bono</span> <span class='ocrx_word' id='word_1_87' title='bbox 914 1499 994 1545; x_wconf 92' lang='lat' dir='ltr'>est</span> <span class='ocrx_word' id='word_1_88' title='bbox 1031 1510 1216 1546; x_wconf 88' lang='lat' dir='ltr'>exosus</span> <span class='ocrx_word' id='word_1_89' title='bbox 1253 1495 1386 1546; x_wconf 90' lang='lat' dir='ltr'>alter</span> <span class='ocrx_word' id='word_1_90' title='bbox 1422 1496 1500 1546; x_wconf 87' lang='lat' dir='ltr'>vir</span> <span class='ocrx_word' id='word_1_91' title='bbox 1537 1496 1717 1547; x_wconf 88' lang='lat' dir='ltr'>bonus.</span> 
     </span>
     <span class='ocr_line' id='line_1_16' title="bbox 424 1583 1479 1647; baseline -0.001 -11"><span class='ocrx_word' id='word_1_92' title='bbox 424 1586 611 1637; x_wconf 84' lang='lat' dir='ltr'>Servat</span> <span class='ocrx_word' id='word_1_93' title='bbox 646 1584 814 1634; x_wconf 87' lang='lat' dir='ltr'>virum</span> <span class='ocrx_word' id='word_1_94' title='bbox 852 1583 947 1647; x_wconf 79' lang='lat' dir='ltr'>vir,</span> <span class='ocrx_word' id='word_1_95' title='bbox 986 1584 1246 1635; x_wconf 87' lang='lat' dir='ltr'>civitatem</span> <span class='ocrx_word' id='word_1_96' title='bbox 1284 1584 1479 1635; x_wconf 87' lang='lat' dir='ltr'>civitas.</span> 
     </span>
    </p>

    <p class='ocr_par' dir='ltr' id='par_1_6' title="bbox 317 1673 1752 2181">
     <span class='ocr_line' id='line_1_17' title="bbox 317 1673 1558 1739; baseline 0 -14"><span class='ocrx_word' id='word_1_97' title='bbox 317 1675 388 1725; x_wconf 80' lang='lat'>8⁰</span> <span class='ocrx_word' id='word_1_98' title='bbox 426 1673 632 1727; x_wconf 86' lang='lat' dir='ltr'>Virtute</span> <span class='ocrx_word' id='word_1_99' title='bbox 668 1687 923 1724; x_wconf 88' lang='lat' dir='ltr'>summum</span> <span class='ocrx_word' id='word_1_100' title='bbox 961 1688 1028 1723; x_wconf 90' lang='lat' dir='ltr'>ne</span> <span class='ocrx_word' id='word_1_101' title='bbox 1065 1689 1220 1724; x_wconf 87' lang='lat' dir='ltr'>voces</span> <span class='ocrx_word' id='word_1_102' title='bbox 1257 1673 1558 1739; x_wconf 84' lang='lat' dir='ltr'>ignobilem.</span> 
     </span>
     <span class='ocr_line' id='line_1_18' title="bbox 424 1759 1752 1829; baseline -0.001 -15"><span class='ocrx_word' id='word_1_103' title='bbox 424 1762 774 1815; x_wconf 89' lang='lat' dir='ltr'>Miserescere</span> <span class='ocrx_word' id='word_1_104' title='bbox 809 1759 952 1810; x_wconf 87' lang='lat' dir='ltr'>haud</span> <span class='ocrx_word' id='word_1_105' title='bbox 993 1760 1090 1811; x_wconf 88' lang='lat' dir='ltr'>scit</span> <span class='ocrx_word' id='word_1_106' title='bbox 1125 1762 1348 1826; x_wconf 88' lang='lat' dir='ltr'>improbi</span> <span class='ocrx_word' id='word_1_107' title='bbox 1387 1761 1558 1812; x_wconf 88' lang='lat' dir='ltr'>cordis</span> <span class='ocrx_word' id='word_1_108' title='bbox 1595 1761 1752 1829; x_wconf 85' lang='lat' dir='ltr'>rigor.</span> 
     </span>
     <span class='ocr_line' id='line_1_19' title="bbox 422 1829 1522 1917; baseline -0.003 -15"><span class='ocrx_word' id='word_1_109' title='bbox 422 1850 656 1917; x_wconf 82' lang='lat' dir='ltr'>Fugiunt</span> <span class='ocrx_word' id='word_1_110' title='bbox 689 1847 843 1898; x_wconf 88' lang='lat' dir='ltr'>amici</span> <span class='ocrx_word' id='word_1_111' title='bbox 880 1862 1034 1913; x_wconf 91' lang='lat' dir='ltr'>quem</span> <span class='ocrx_word' id='word_1_112' title='bbox 1070 1847 1205 1914; x_wconf 79' lang='lat' dir='ltr'>fugit</span> <span class='ocrx_word' id='word_1_113' title='bbox 1241 1829 1522 1899; x_wconf 70' lang='lat' dir='ltr'>felicitas..</span> 
     </span>
     <span class='ocr_line' id='line_1_20' title="bbox 423 1937 1648 2002; baseline -0.002 -13"><span class='ocrx_word' id='word_1_114' title='bbox 423 1937 651 2002; x_wconf 84' lang='lat' dir='ltr'>(Aufert</span> <span class='ocrx_word' id='word_1_115' title='bbox 686 1942 929 1987; x_wconf 88' lang='lat' dir='ltr'>senectus</span> <span class='ocrx_word' id='word_1_116' title='bbox 966 1941 1167 1998; x_wconf 90' lang='lat' dir='ltr'>cuncta,</span> <span class='ocrx_word' id='word_1_117' title='bbox 1205 1937 1364 1987; x_wconf 88' lang='lat' dir='ltr'>robur</span> <span class='ocrx_word' id='word_1_118' title='bbox 1399 1938 1648 2002; x_wconf 87' lang='lat' dir='ltr'>corporis,</span> 
     </span>
     <span class='ocr_line' id='line_1_21' title="bbox 427 2024 1717 2090; baseline -0.002 -12"><span class='ocrx_word' id='word_1_119' title='bbox 427 2027 680 2087; x_wconf 90' lang='lat' dir='ltr'>auditum,</span> <span class='ocrx_word' id='word_1_120' title='bbox 718 2024 883 2074; x_wconf 89' lang='lat' dir='ltr'>aciem</span> <span class='ocrx_word' id='word_1_121' title='bbox 922 2024 1210 2087; x_wconf 87' lang='lat' dir='ltr'>oculorum,</span> <span class='ocrx_word' id='word_1_122' title='bbox 1250 2024 1717 2090; x_wconf 72' lang='lat' dir='ltr'>pulchritudinemz</span> 
     </span>
     <span class='ocr_line' id='line_1_22' title="bbox 420 2112 1052 2181; baseline -0.008 -15"><span class='ocrx_word' id='word_1_123' title='bbox 420 2115 660 2181; x_wconf 84' lang='lat' dir='ltr'>voluptas</span> <span class='ocrx_word' id='word_1_124' title='bbox 697 2112 865 2164; x_wconf 89' lang='lat' dir='ltr'>omnis</span> <span class='ocrx_word' id='word_1_125' title='bbox 901 2112 1052 2173; x_wconf 87' lang='lat' dir='ltr'>abit.)</span> 
     </span>
    </p>

    <p class='ocr_par' dir='ltr' id='par_1_7' title="bbox 419 2201 1606 2359">
     <span class='ocr_line' id='line_1_23' title="bbox 421 2201 1606 2270; baseline 0 -15"><span class='ocrx_word' id='word_1_126' title='bbox 421 2204 659 2255; x_wconf 88' lang='lat' dir='ltr'>Honesta</span> <span class='ocrx_word' id='word_1_127' title='bbox 694 2201 830 2253; x_wconf 84' lang='lat' dir='ltr'>scire</span> <span class='ocrx_word' id='word_1_128' title='bbox 867 2205 1053 2251; x_wconf 89' lang='lat' dir='ltr'>cuncta</span> <span class='ocrx_word' id='word_1_129' title='bbox 1090 2203 1606 2270; x_wconf 86' lang='lat' dir='ltr'>praestantissimum.</span> 
     </span>
     <span class='ocr_line' id='line_1_24' title="bbox 419 2290 1510 2359; baseline -0.001 -15"><span class='ocrx_word' id='word_1_130' title='bbox 419 2292 628 2344; x_wconf 87' lang='lat' dir='ltr'>Debere</span> <span class='ocrx_word' id='word_1_131' title='bbox 665 2290 822 2342; x_wconf 83' lang='lat' dir='ltr'>vitam</span> <span class='ocrx_word' id='word_1_132' title='bbox 859 2306 1066 2357; x_wconf 88' lang='lat' dir='ltr'>semper</span> <span class='ocrx_word' id='word_1_133' title='bbox 1102 2292 1332 2359; x_wconf 83' lang='lat' dir='ltr'>ingratos</span> <span class='ocrx_word' id='word_1_134' title='bbox 1368 2291 1510 2344; x_wconf 87' lang='lat' dir='ltr'>facit.</span> 
     </span>
    </p>

    <p class='ocr_par' dir='ltr' id='par_1_8' title="bbox 311 2378 1924 2621">
     <span class='ocr_line' id='line_1_25' title="bbox 311 2378 1924 2448; baseline 0.001 -15"><span class='ocrx_word' id='word_1_135' title='bbox 311 2380 384 2433; x_wconf 81' lang='grc'>35</span> <span class='ocrx_word' id='word_1_136' title='bbox 421 2382 445 2410; x_wconf 76' lang='grc'><strong><em>*</em></strong></span> <span class='ocrx_word' id='word_1_137' title='bbox 487 2381 630 2431; x_wconf 90' lang='lat' dir='ltr'>Inter</span> <span class='ocrx_word' id='word_1_138' title='bbox 659 2378 896 2429; x_wconf 86' lang='lat' dir='ltr'>homines</span> <span class='ocrx_word' id='word_1_139' title='bbox 933 2380 1125 2430; x_wconf 90' lang='lat' dir='ltr'>malum</span> <span class='ocrx_word' id='word_1_140' title='bbox 1163 2397 1317 2432; x_wconf 87' lang='lat' dir='ltr'>omne</span> <span class='ocrx_word' id='word_1_141' title='bbox 1354 2385 1675 2448; x_wconf 83' lang='lat' dir='ltr'>praetextum</span> <span class='ocrx_word' id='word_1_142' title='bbox 1713 2380 1924 2434; x_wconf 82' lang='lat' dir='ltr'>invenit.</span> 
     </span>
     <span class='ocr_line' id='line_1_26' title="bbox 418 2465 1490 2534; baseline 0.001 -16"><span class='ocrx_word' id='word_1_143' title='bbox 418 2472 443 2501; x_wconf 66' lang='lat'>¹*</span> <span class='ocrx_word' id='word_1_144' title='bbox 482 2466 794 2519; x_wconf 87' lang='lat' dir='ltr'>llliberalem</span> <span class='ocrx_word' id='word_1_145' title='bbox 829 2465 1003 2516; x_wconf 86' lang='lat' dir='ltr'>reddit</span> <span class='ocrx_word' id='word_1_146' title='bbox 1039 2482 1184 2517; x_wconf 89' lang='lat' dir='ltr'>amor</span> <span class='ocrx_word' id='word_1_147' title='bbox 1219 2469 1490 2534; x_wconf 86' lang='lat' dir='ltr'>pecuniae.</span> 
     </span>
     <span class='ocr_line' id='line_1_27' title="bbox 417 2555 1459 2621; baseline 0.001 -15"><span class='ocrx_word' id='word_1_148' title='bbox 417 2555 532 2607; x_wconf 88' lang='lat' dir='ltr'>lrae</span> <span class='ocrx_word' id='word_1_149' title='bbox 568 2555 876 2616; x_wconf 87' lang='lat' dir='ltr'>remedium,</span> <span class='ocrx_word' id='word_1_150' title='bbox 915 2555 1120 2621; x_wconf 91' lang='lat' dir='ltr'>sapiens</span> <span class='ocrx_word' id='word_1_151' title='bbox 1159 2561 1238 2605; x_wconf 85' lang='lat' dir='ltr'>est</span> <span class='ocrx_word' id='word_1_152' title='bbox 1275 2557 1459 2608; x_wconf 88' lang='lat' dir='ltr'>oratio.</span> 
     </span>
    </p>

    <p class='ocr_par' dir='ltr' id='par_1_9' title="bbox 413 2639 1732 2799">
     <span class='ocr_line' id='line_1_28' title="bbox 413 2639 1561 2696; baseline 0 0"><span class='ocrx_word' id='word_1_153' title='bbox 413 2645 646 2696; x_wconf 85' lang='lat' dir='ltr'>Fortuna</span> <span class='ocrx_word' id='word_1_154' title='bbox 683 2647 860 2694; x_wconf 86' lang='lat' dir='ltr'>nostra</span> <span class='ocrx_word' id='word_1_155' title='bbox 896 2643 1089 2693; x_wconf 84' lang='lat' dir='ltr'>amicos</span> <span class='ocrx_word' id='word_1_156' title='bbox 1126 2639 1372 2694; x_wconf 85' lang='lat' dir='ltr'>laetificat</span> <span class='ocrx_word' id='word_1_157' title='bbox 1410 2645 1561 2696; x_wconf 91' lang='lat' dir='ltr'>bona.</span> 
     </span>
     <span class='ocr_line' id='line_1_29' title="bbox 414 2731 1732 2799; baseline 0.002 -17"><span class='ocrx_word' id='word_1_158' title='bbox 414 2731 568 2799; x_wconf 78' lang='lat' dir='ltr'>Quod</span> <span class='ocrx_word' id='word_1_159' title='bbox 604 2731 910 2782; x_wconf 89' lang='lat' dir='ltr'>indecorum</span> <span class='ocrx_word' id='word_1_160' title='bbox 948 2737 1044 2793; x_wconf 85' lang='lat' dir='ltr'>est,</span> <span class='ocrx_word' id='word_1_161' title='bbox 1082 2737 1138 2782; x_wconf 91' lang='lat' dir='ltr'>tu</span> <span class='ocrx_word' id='word_1_162' title='bbox 1169 2748 1268 2783; x_wconf 91' lang='lat' dir='ltr'>nec</span> <span class='ocrx_word' id='word_1_163' title='bbox 1304 2734 1424 2783; x_wconf 86' lang='lat' dir='ltr'>audi</span> <span class='ocrx_word' id='word_1_164' title='bbox 1462 2750 1560 2784; x_wconf 90' lang='lat' dir='ltr'>nec</span> <span class='ocrx_word' id='word_1_165' title='bbox 1597 2733 1732 2784; x_wconf 89' lang='lat' dir='ltr'>vide.</span> 
     </span>
    </p>

    <p class='ocr_par' dir='ltr' id='par_1_10' title="bbox 306 2820 1987 3153">
     <span class='ocr_line' id='line_1_30' title="bbox 306 2820 1987 2888; baseline 0.001 -17"><span class='ocrx_word' id='word_1_166' title='bbox 306 2821 377 2871; x_wconf 79' lang='lat'>40</span> <span class='ocrx_word' id='word_1_167' title='bbox 413 2825 436 2852; x_wconf 74' lang='lat'>⁴¹</span> <span class='ocrx_word' id='word_1_168' title='bbox 476 2822 615 2872; x_wconf 86' lang='lat' dir='ltr'>Cave</span> <span class='ocrx_word' id='word_1_169' title='bbox 651 2820 916 2872; x_wconf 90' lang='lat' dir='ltr'>hominem</span> <span class='ocrx_word' id='word_1_170' title='bbox 950 2820 1212 2888; x_wconf 82' lang='lat' dir='ltr'>ingratum</span> <span class='ocrx_word' id='word_1_171' title='bbox 1249 2822 1430 2873; x_wconf 88' lang='lat' dir='ltr'>credas</span> <span class='ocrx_word' id='word_1_172' title='bbox 1468 2822 1561 2872; x_wconf 90' lang='lat' dir='ltr'>tibi</span> <span class='ocrx_word' id='word_1_173' title='bbox 1596 2822 1818 2873; x_wconf 90' lang='lat' dir='ltr'>amicum</span> <span class='ocrx_word' id='word_1_174' title='bbox 1854 2820 1987 2874; x_wconf 89' lang='lat' dir='ltr'>fore.</span> 
     </span>
     <span class='ocr_line' id='line_1_31' title="bbox 414 2909 1596 2975; baseline 0 -15"><span class='ocrx_word' id='word_1_175' title='bbox 414 2909 663 2960; x_wconf 89' lang='lat' dir='ltr'>Doctrina</span> <span class='ocrx_word' id='word_1_176' title='bbox 697 2924 872 2960; x_wconf 76' lang='lat' dir='ltr'>mores</span> <span class='ocrx_word' id='word_1_177' title='bbox 911 2925 1028 2960; x_wconf 88' lang='lat' dir='ltr'>esse</span> <span class='ocrx_word' id='word_1_178' title='bbox 1065 2925 1170 2960; x_wconf 90' lang='lat' dir='ltr'>non</span> <span class='ocrx_word' id='word_1_179' title='bbox 1206 2911 1402 2975; x_wconf 86' lang='lat' dir='ltr'>patitur</span> <span class='ocrx_word' id='word_1_180' title='bbox 1435 2910 1596 2960; x_wconf 86' lang='lat' dir='ltr'>feros.</span> 
     </span>
     <span class='ocr_line' id='line_1_32' title="bbox 416 2997 1882 3065; baseline 0.001 -16"><span class='ocrx_word' id='word_1_181' title='bbox 416 2997 561 3049; x_wconf 90' lang='lat' dir='ltr'>Vana</span> <span class='ocrx_word' id='word_1_182' title='bbox 598 2997 785 3063; x_wconf 90' lang='lat' dir='ltr'>quibus</span> <span class='ocrx_word' id='word_1_183' title='bbox 823 3003 904 3049; x_wconf 89' lang='lat' dir='ltr'>est</span> <span class='ocrx_word' id='word_1_184' title='bbox 940 3014 1104 3060; x_wconf 87' lang='lat' dir='ltr'>mens,</span> <span class='ocrx_word' id='word_1_185' title='bbox 1142 2999 1284 3048; x_wconf 90' lang='lat' dir='ltr'>alere</span> <span class='ocrx_word' id='word_1_186' title='bbox 1323 3015 1442 3065; x_wconf 90' lang='lat' dir='ltr'>spes</span> <span class='ocrx_word' id='word_1_187' title='bbox 1478 2998 1597 3049; x_wconf 89' lang='lat' dir='ltr'>illos</span> <span class='ocrx_word' id='word_1_188' title='bbox 1635 2997 1785 3050; x_wconf 75' lang='lat' dir='ltr'>solet.</span> <span class='ocrx_word' id='word_1_189' title='bbox 1879 3013 1882 3015; x_wconf 81' lang='grc'><strong>’</strong></span> 
     </span>
     <span class='ocr_line' id='line_1_33' title="bbox 411 3085 1551 3153; baseline 0.002 -17"><span class='ocrx_word' id='word_1_190' title='bbox 411 3085 535 3136; x_wconf 86' lang='lat' dir='ltr'>Noli</span> <span class='ocrx_word' id='word_1_191' title='bbox 571 3085 687 3151; x_wconf 86' lang='lat' dir='ltr'>ipse</span> <span class='ocrx_word' id='word_1_192' title='bbox 723 3101 923 3153; x_wconf 86' lang='lat' dir='ltr'>pauper</span> <span class='ocrx_word' id='word_1_193' title='bbox 957 3086 1191 3137; x_wconf 89' lang='lat' dir='ltr'>invidere</span> <span class='ocrx_word' id='word_1_194' title='bbox 1226 3087 1551 3138; x_wconf 88' lang='lat' dir='ltr'>habentibus.</span> 
     </span>
    </p>

    <p class='ocr_par' dir='ltr' id='par_1_11' title="bbox 415 3173 1642 3242">
     <span class='ocr_line' id='line_1_34' title="bbox 415 3173 1642 3242; baseline 0.002 -17"><span class='ocrx_word' id='word_1_195' title='bbox 415 3173 539 3235; x_wconf 88' lang='lat' dir='ltr'>Fac,</span> <span class='ocrx_word' id='word_1_196' title='bbox 575 3173 742 3224; x_wconf 88' lang='lat' dir='ltr'>lectus</span> <span class='ocrx_word' id='word_1_197' title='bbox 779 3175 1059 3241; x_wconf 87' lang='lat' dir='ltr'>imperare,</span> <span class='ocrx_word' id='word_1_198' title='bbox 1098 3181 1151 3225; x_wconf 92' lang='lat' dir='ltr'>te</span> <span class='ocrx_word' id='word_1_199' title='bbox 1188 3176 1401 3242; x_wconf 84' lang='lat' dir='ltr'>dignum</span> <span class='ocrx_word' id='word_1_200' title='bbox 1439 3176 1642 3242; x_wconf 76' lang='lat' dir='ltr'>imperi.</span> 
     </span>
    </p>

    <p class='ocr_par' dir='ltr' id='par_1_12' title="bbox 310 3260 1654 3508">
     <span class='ocr_line' id='line_1_35' title="bbox 310 3260 1654 3330; baseline 0.001 -17"><span class='ocrx_word' id='word_1_201' title='bbox 310 3260 383 3314; x_wconf 73' lang='lat'>45</span> <span class='ocrx_word' id='word_1_202' title='bbox 421 3262 444 3291; x_wconf 66' lang='lat'>¹*</span> <span class='ocrx_word' id='word_1_203' title='bbox 482 3262 676 3312; x_wconf 86' lang='lat' dir='ltr'>lterum</span> <span class='ocrx_word' id='word_1_204' title='bbox 714 3264 963 3330; x_wconf 83' lang='lat' dir='ltr'>pugnabit</span> <span class='ocrx_word' id='word_1_205' title='bbox 1001 3263 1092 3313; x_wconf 88' lang='lat' dir='ltr'>ille</span> <span class='ocrx_word' id='word_1_206' title='bbox 1130 3263 1283 3313; x_wconf 87' lang='lat' dir='ltr'>etiam</span> <span class='ocrx_word' id='word_1_207' title='bbox 1320 3265 1408 3329; x_wconf 86' lang='lat' dir='ltr'>qui</span> <span class='ocrx_word' id='word_1_208' title='bbox 1444 3264 1654 3330; x_wconf 84' lang='lat' dir='ltr'>fugerit.</span> 
     </span>
     <span class='ocr_line' id='line_1_36' title="bbox 416 3351 1595 3417; baseline -0.001 -13"><span class='ocrx_word' id='word_1_209' title='bbox 416 3351 561 3404; x_wconf 87' lang='lat' dir='ltr'>Alios</span> <span class='ocrx_word' id='word_1_210' title='bbox 599 3351 805 3416; x_wconf 90' lang='lat' dir='ltr'>quidem</span> <span class='ocrx_word' id='word_1_211' title='bbox 845 3352 1056 3417; x_wconf 87' lang='lat' dir='ltr'>culpare</span> <span class='ocrx_word' id='word_1_212' title='bbox 1093 3351 1355 3417; x_wconf 88' lang='lat' dir='ltr'>sapientes</span> <span class='ocrx_word' id='word_1_213' title='bbox 1393 3368 1595 3413; x_wconf 90' lang='lat' dir='ltr'>sumus;</span> 
     </span>
     <span class='ocr_line' id='line_1_37' title="bbox 416 3439 1556 3508; baseline -0.001 -17"><span class='ocrx_word' id='word_1_214' title='bbox 416 3444 470 3491; x_wconf 82' lang='lat' dir='ltr'>at</span> <span class='ocrx_word' id='word_1_215' title='bbox 505 3443 682 3492; x_wconf 87' lang='lat' dir='ltr'>nostra</span> <span class='ocrx_word' id='word_1_216' title='bbox 717 3454 813 3491; x_wconf 88' lang='lat' dir='ltr'>nos</span> <span class='ocrx_word' id='word_1_217' title='bbox 851 3439 1040 3501; x_wconf 85' lang='lat' dir='ltr'>delicta</span> <span class='ocrx_word' id='word_1_218' title='bbox 1075 3455 1180 3491; x_wconf 89' lang='lat' dir='ltr'>non</span> <span class='ocrx_word' id='word_1_219' title='bbox 1216 3440 1556 3508; x_wconf 82' lang='lat' dir='ltr'>agnoscimus.</span> 
     </span>
    </p>
   </div>
  </div>
 </body>
</html>
