2202 3918
327 210 432 262 812
1063 208 1441 261 MENANDRI

467 350 756 401 Mercatum
795 349 951 399 crede
989 354 1192 416 tempus
1231 350 1332 402 hoc
1369 351 1508 418 quod
1547 351 1748 402 vivitur.

326 437 432 489 445
469 441 492 468 ⁸
531 439 728 489 Multos
766 439 1031 489 consuevit
1067 425 1433 491 alere'iniuria
1469 446 1523 489 et
1562 440 1725 491 nefas.

471 526 757 578 Occasione
795 528 988 577 amicus
1027 527 1086 576 fit
1122 528 1209 592 qui
1247 544 1348 579 non
1386 527 1506 580 fuit.

471 615 653 666 Multis
691 615 837 665 adest
872 614 1097 676 fortuna,
1138 631 1239 666 non
1279 616 1570 682 prudentia.

464 707 486 732 *
523 703 664 753 Tuas
702 719 786 754 res
823 720 948 769 age3
987 704 1181 754 alienas
1218 720 1283 755 ne
1321 708 1597 758 curaveris.

466 791 645 841 Rebus
685 792 928 857 magistra
967 791 1202 862 plurimis
1239 794 1457 844 occasio.
1510 804 1523 815 '

323 879 429 930 450
467 880 611 930 Onus
654 884 732 929 est
767 879 940 944 inopia
976 878 1132 945 longe
1169 881 1376 946 gravius
1415 883 1619 934 ceteris.

463 969 593 1018 Boni
633 969 863 1034 parentis
897 967 974 1017 ira
1012 968 1154 1017 nulla
1189 969 1243 1020 in
1281 970 1464 1021 filium.

462 1060 485 1087 ⁴¹
521 1058 639 1107 Non
678 1057 766 1122 qui
802 1061 855 1106 te
892 1058 1088 1122 genuit,
1130 1063 1208 1107 est
1247 1059 1335 1123 qui
1374 1058 1586 1109 nutrivit
1624 1063 1788 1125 pater.

461 1145 582 1195 Tibi
619 1159 878 1208 nunquam
918 1144 1137 1194 amicum
1176 1145 1336 1196 facito
1374 1153 1629 1197 moratum
1668 1148 1816 1197 male.

461 1235 485 1264 Ψ
527 1232 583 1282 ln
623 1237 927 1297 paupertate
966 1212 1177 1298 spiritus
1214 1232 1342 1299 fuge
1380 1234 1609 1284 divitum.

211 1352 218 1356 =
318 1319 423 1372 455
463 1320 667 1386 Pauper
702 1320 1005 1382 inhonorus,
1045 1336 1239 1386 genere
1276 1321 1342 1372 sit
1380 1322 1550 1372 clarus
1587 1322 1727 1374 licet.

460 1411 483 1437 '¹
523 1410 761 1475 lngratus
800 1409 963 1459 omnis
999 1408 1156 1458 homo
1195 1425 1297 1460 non
1337 1416 1418 1460 est
1458 1411 1579 1476 quin
1618 1412 1684 1462 sit
1721 1413 1900 1463 malus.

461 1501 484 1529 ⁴¹
524 1497 700 1549 Facile
737 1497 1020 1562 alloqueris
1059 1512 1269 1548 omnem
1307 1498 1394 1563 qui
1432 1499 1655 1565 passu’st
1693 1502 1842 1553 mala.

458 1590 480 1617 *
523 1586 618 1636 Vel
658 1587 904 1636 vilitatem
943 1586 1150 1652 sapiens
1190 1587 1278 1652 qui
1316 1587 1383 1637 sit
1421 1589 1658 1639 sustinet.

457 1675 644 1726 Omnia
681 1674 917 1725 revelans
954 1681 1158 1741 tempus
1195 1676 1247 1726 in
1286 1675 1458 1726 lucem
1497 1677 1646 1727 eruit.

315 1765 419 1815 460
455 1763 665 1814 Desidia
703 1752 868 1813 nescit
906 1764 1130 1814 educare
1168 1780 1467 1829 pauperem.

458 1851 711 1903 Tolerare
747 1851 972 1916 inopiam
1012 1867 1128 1901 cum
1168 1858 1439 1902 senectute
1477 1853 1694 1903 arduum
1737 1858 1830 1904 est.

456 1940 786 2005 Sapientibus
822 1941 1053 1989 Fortuna
1090 1955 1148 1989 se
1185 1939 1291 1988 fert
1329 1939 1604 2004 opifer-am.
1660 1955 1663 1961 ·

458 2027 703 2079 Persei-re
739 2027 966 2092 inopiam
1006 2028 1108 2077 n'on
1149 2027 1246 2078 nisi
1283 2028 1593 2092 sapientium
1629 2033 1727 2079 est.
1803 2030 1806 2032 ’

457 2119 478 2144 *
519 2116 776 2181 Loquenti
815 2115 948 2164 bene
985 2115 1124 2180 quod
1162 2117 1509 2166 contradicam
1545 2116 1715 2165 habeo
1753 2117 1900 2168 nihil.

313 2207 418 2259 465
456 2209 478 2237 *
522 2204 700 2254 Paullo
740 2196 1020 2265 momento,
1060 2209 1116 2254 ut
1152 2205 1364 2267 trutina,
1401 2206 1503 2255 vita
1539 2205 1836 2273 impellitur.

460 2294 607 2346 Vitae
645 2292 759 2342 lues
798 2308 890 2341 vox
930 2293 1086 2343 missa
1121 2309 1223 2343 non
1261 2294 1314 2345 in
1353 2300 1605 2360 tempore.

454 2387 478 2413 ·
515 2382 686 2433 Malos
720 2380 915 2430 amicos
953 2386 1006 2430 et
1042 2381 1306 2432 levitatem
1345 2399 1549 2433 omnem
1586 2382 1731 2450 fuge.

454 2470 606 2521 Vivas
643 2467 866 2527 familiae,
905 2469 1179 2533 coniugem
1217 2471 1260 2518 si
1298 2486 1400 2519 non
1439 2471 1563 2521 alas,

454 2559 685 2621 Argento
726 2555 905 2605 sordes
944 2556 1098 2606 illitas
1137 2561 1258 2621 puta
1294 2558 1583 2609 mulierem.

314 2645 420 2696 470
459 2647 481 2673 *
520 2644 745 2694 Facilius
784 2642 925 2692 ferre
964 2650 1172 2708 oportet
1211 2659 1343 2708 quae
1380 2645 1613 2696 incidunt
1652 2647 1801 2697 mala.

452 2731 757 2783 Patientiam
795 2732 1015 2782 suadere
1054 2731 1225 2793 facile,
1264 2748 1365 2783 non
1405 2735 1529 2799 pati.

450 2822 506 2872 Si
545 2821 687 2869 dives
725 2837 780 2870 es
820 2821 1089 2885 pigerque,
1129 2836 1244 2870 mox
1283 2822 1432 2887 inops
1470 2822 1592 2872 eris·

448 2914 470 2940 *
511 2912 587 2960 Ex
627 2909 764 2958 omni
801 2925 947 2958 more
987 2910 1222 2959 malefico
1263 2915 1370 2960 tete
1409 2926 1577 2960 eruaS.

445 3001 475 3025 ¹⁸
517 2998 779 3048 Venerare
820 3013 1043 3047 numen:
1082 2998 1204 3062 quid
1242 2998 1323 3059 sit,
1363 2999 1469 3049 noli
1506 3015 1777 3063 quaerere.

311 3087 414 3139 475
453 3088 548 3137 Dat
585 3101 769 3150 sapere
806 3101 1018 3136 consors
1057 3088 1157 3135 vita
1195 3101 1311 3135 cum
1350 3088 1685 3152 sapientibus.

451 3177 533 3226 Tu
573 3190 674 3223 non
713 3174 810 3224 nisi
847 3190 876 3223 a
914 3174 1170 3239 prudente
1208 3176 1479 3225 consilium
1520 3182 1657 3242 pete.

449 3265 545 3315 Est
582 3263 669 3316 ubi
702 3262 906 3327 loquela
945 3264 1129 3313 melius
1166 3269 1246 3313 est
1284 3264 1563 3314 silentium.
1692 3321 1712 3345 ⁶

450 3353 664 3419 Signum
703 3350 767 3400 ad
805 3351 1023 3402 salutem
1061 3352 1257 3418 grande
1298 3367 1499 3402 morum
1537 3352 1763 3402 comitas.

453 3440 733 3492 Consultor
771 3439 964 3492 homini
1003 3445 1207 3508 tempus
1249 3439 1564 3491 utilissimus.
