2202 3918
244 199 351 251 734
954 190 1402 247 PHILEMONIS

808 332 862 385 Σ
897 332 927 384 1
964 333 1020 385 Κ
1058 333 1112 384 Ε
1142 333 1203 386 A
1233 332 1263 383 1
1302 332 1362 385 Κ
1403 330 1447 386 O
1483 332 1550 388 Σ.

1155 423 1197 476 1.

245 515 423 569 Facile
460 513 914 567 omnes-homiues
948 511 1067 564 ‘aliis
1103 512 1373 564 consilium
1410 512 1609 575 damus,

247 605 341 656 sed
378 605 430 654 in
467 620 529 655 re
560 609 739 655 nostra
776 617 880 654 non
917 605 1024 652 tam
1060 600 1221 653 facile
1251 583 1339 653 'est
1376 602 1610 668 exsequi.

247 709 277 744 a
313 691 525 743 medicis
564 695 920 759 argumentum
960 694 1040 741 est
1075 690 1128 740 in
1167 696 1374 757 promtu
1411 691 1587 754 situm,

247 786 525 849 praecepta
563 781 739 832 videas
776 796 904 846 quos
942 778 1067 829 dare
1103 777 1448 830 invalentibus

248 872 413 923 victus
449 870 644 922 severi:
686 874 739 919 at
775 869 874 936 ipsi
911 868 956 918 si
995 869 1048 919 in
1086 868 1267 919 morbo
1307 869 1518 929 cubent,

249 959 431 1011 eadem
468 959 558 1009 ilia
595 957 772 1009 facere
809 974 941 1023 quae
978 957 1092 1007 aliis
1128 957 1519 1009 interdixerant.
1579 1011 1581 1014 ,

155 1052 157 1054 ’
250 1049 409 1119 credo
448 1064 545 1100 una
583 1047 764 1099 nolunt
802 1046 953 1098 dolor
990 1062 1106 1098 esse
1145 1052 1197 1096 et
1235 1049 1450 1099 curatio.

1149 1135 1218 1186 11.

252 1224 511 1291 Equidem
550 1224 813 1291 putabam,
849 1223 952 1273 hoc
988 1223 1253 1289 proprium
1286 1228 1341 1274 et
1378 1223 1618 1275 eximium
1656 1222 1754 1274 sibi

253 1314 482 1365 Siciliam
520 1312 735 1374 habere,
773 1318 828 1362 ut
866 1327 1048 1362 caseos
1087 1311 1245 1363 faciat
1281 1313 1474 1375 bonos;

252 1402 356 1453 hoc
394 1417 575 1453 unum:
615 1417 677 1451 ex
714 1399 853 1451 fama
889 1401 1059 1451 adieci
1095 1407 1366 1468 praeterea
1403 1401 1641 1464 alterum,

254 1490 453 1542 Siculas
491 1489 664 1540 vocari
702 1489 868 1540 varias
907 1495 1080 1540 vestes
1117 1490 1362 1541 audiens:

256 1595 384 1647 ergo
436 1578 636 1630 textilia
670 1576 808 1629 hanc
843 1576 987 1629 ferre
1023 1578 1299 1629 credebam
1338 1582 1392 1629 et
1426 1579 1634 1646 greges.

744 1751 801 1804 Σ
838 1753 890 1804 Τ
923 1751 977 1803 P
1006 1751 1065 1803 A
1108 1752 1161 1803 T
1190 1751 1222 1802 1
1259 1750 1315 1803 ,Ω
1363 1752 1414 1803 Τ
1446 1751 1512 1804 Η
1548 1751 1616 1806 Σ.

256 1846 333 1896 Ut
367 1859 450 1894 me
486 1858 698 1894 narrare
737 1843 882 1893 caelo
921 1846 974 1892 et
1010 1843 1184 1894 telluri
1220 1844 1382 1906 iubet,

257 1932 403 1983 illinc
439 1946 726 1998 egressum,
765 1931 1196 1996 quemadmodum
1234 1933 1395 1983 struxi
1434 1932 1610 1998 dppes.

258 2026 314 2070 ut
350 2035 504 2070 suave
541 2024 622 2070 est
659 2035 883 2085 semper,
922 2035 1016 2086 per
1054 2019 1197 2082 deos,
1235 2021 1436 2086 quoties
1474 2022 1609 2072 bene

257 2124 346 2159 res
383 2107 603 2158 cedunt!
641 2108 797 2174 piscis
835 2107 927 2158 ille
964 2123 1117 2174 quam
1153 2109 1321 2160 factus
1358 2115 1526 2171 tener,

240 2197 463 2262 *qualem
501 2195 750 2262 apposivi‚
789 2213 892 2248 non
928 2198 1238 2250 medicatum
1276 2214 1450 2262 caseo,

260 2290 542 2335 tnctumve
580 2284 789 2336 adscitis
826 2286 1052 2352 desuper
1090 2287 1367 2339 coloribus.

259 2373 476 2439 parebat
509 2387 656 2422 assus
694 2372 858 2438 qualis
897 2373 1019 2424 dum
1058 2375 1181 2425 vixit
1217 2375 1347 2425 fuit:

261 2475 415 2526 quam
453 2465 744 2524 temperate
781 2477 841 2511 ac
879 2461 1107 2512 molliter
1142 2463 1316 2530 ignem
1354 2461 1672 2512 admoverim

260 2547 478 2598 assando
516 2549 662 2615 pisci,
700 2550 780 2601 vix
819 2555 898 2600 est
936 2550 1203 2616 quisquam
1242 2555 1300 2601 ut
1337 2550 1555 2601 creduit.

260 2637 333 2687 ita
370 2653 428 2687 se
464 2652 550 2687 res
587 2637 786 2700 habuit,
823 2638 993 2704 magni
1031 2642 1086 2688 ut
1122 2638 1166 2688 si
1204 2638 1328 2703 quid
1364 2638 1418 2688 in
1456 2638 1622 2688 cibum

260 2725 452 2790 gallina
488 2726 679 2792 rapuit,
717 2726 807 2776 iiia
843 2726 896 2776 in
936 2726 1116 2776 orbem
1155 2727 1386 2788 cursitat,
1512 2721 1515 2723 ’

261 2829 517 2878 quaerens
553 2815 607 2864 id
646 2819 702 2864 ut
740 2814 886 2864 edat:
918 2812 1054 2864 hanc
1089 2813 1381 2879 insequitur
1417 2814 1582 2865 altera

260 2916 364 2952 non
399 2901 487 2951 illa
526 2902 693 2954 minus
730 2917 1114 2968 approperans:
1153 2903 1308 2967 plane
1345 2902 1411 2953 ad
1448 2903 1588 2953 hunc
1625 2900 1835 2953 modum

263 2989 351 3054 qui
388 2989 594 3055 patinae
631 2990 828 3056 primus
865 2990 918 3039 in
957 2990 1273 3055 voluptatem
1311 2990 1511 3052 incidit,

264 3076 508 3126 continuo
546 3078 855 3129 subsultavit
892 3082 945 3126 et
981 3078 1207 3143 patinam
1246 3084 1432 3129 tenens

264 3164 317 3214 in
356 3164 535 3215 orbem
574 3166 725 3233 fugit,
764 3165 1096 3217 sectabantur
1132 3168 1313 3217 ceteri.

264 3266 351 3301 res
390 3251 545 3317 digna
579 3252 791 3316 plausu:
829 3254 1035 3318 quidam
1073 3253 1210 3303 nacti
1245 3254 1633 3319 aliquantulum,

267 3338 340 3390 nii
376 3339 480 3401 alii,
518 3339 773 3406 reliquum
809 3341 1026 3406 reliqui:
1067 3340 1208 3406 atqui
1245 3353 1548 3408 acceperam

268 3428 437 3492 pisces
476 3427 773 3494 coquendos
809 3427 1120 3492 limedones,
1154 3429 1402 3481 amnicos.
