<?xml version="1.0" encoding="UTF-8"?>
<!DOCTYPE html PUBLIC "-//W3C//DTD XHTML 1.0 Transitional//EN"
    "http://www.w3.org/TR/xhtml1/DTD/xhtml1-transitional.dtd">
<html xmlns="http://www.w3.org/1999/xhtml" xml:lang="en" lang="en">
 <head>
  <title>
</title>
<meta http-equiv="Content-Type" content="text/html;charset=utf-8" />
  <meta name='ocr-system' content='tesseract 3.04.00' />
  <meta name='ocr-capabilities' content='ocr_page ocr_carea ocr_par ocr_line ocrx_word'/>
</head>
<body>
  <div class='ocr_page' id='page_1' title='image "./fragmentacomicor04meinuoft_0790.png"; bbox 0 0 2202 3918; ppageno 0'>
   <div class='ocr_carea' id='block_1_1' title="bbox 309 214 1434 268">
    <p class='ocr_par' dir='ltr' id='par_1_1' title="bbox 309 214 1434 268">
     <span class='ocr_line' id='line_1_1' title="bbox 309 214 1434 268; baseline -0.003 0"><span class='ocrx_word' id='word_1_1' title='bbox 309 217 416 268; x_wconf 73' lang='lat'><strong>766</strong></span> <span class='ocrx_word' id='word_1_2' title='bbox 1052 214 1434 268; x_wconf 83' lang='lat' dir='ltr'><strong>MENANDRI</strong></span> 
     </span>
    </p>
   </div>
   <div class='ocr_carea' id='block_1_2' title="bbox 821 350 1663 409">
    <p class='ocr_par' dir='ltr' id='par_1_2' title="bbox 821 350 1663 409">
     <span class='ocr_line' id='line_1_2' title="bbox 821 350 1663 409; baseline 0.002 -3"><span class='ocrx_word' id='word_1_3' title='bbox 821 350 1663 409; x_wconf 74' lang='lat' dir='ltr'><strong><em>OMOIIATPJOJ.</em></strong></span> 
     </span>
    </p>
   </div>
   <div class='ocr_carea' id='block_1_3' title="bbox 311 464 1639 619">
    <p class='ocr_par' dir='ltr' id='par_1_3' title="bbox 311 464 1639 619">
     <span class='ocr_line' id='line_1_3' title="bbox 1214 464 1255 514; baseline 0 0"><span class='ocrx_word' id='word_1_4' title='bbox 1214 464 1255 514; x_wconf 93' lang='lat'><strong>1.</strong></span> 
     </span>
     <span class='ocr_line' id='line_1_4' title="bbox 311 523 1639 619; baseline -0.002 -13"><span class='ocrx_word' id='word_1_5' title='bbox 311 555 404 606; x_wconf 91' lang='lat' dir='ltr'><strong>Me</strong></span> <span class='ocrx_word' id='word_1_6' title='bbox 439 551 632 614; x_wconf 85' lang='lat' dir='ltr'><strong>iudice,</strong></span> <span class='ocrx_word' id='word_1_7' title='bbox 669 551 754 617; x_wconf 86' lang='lat' dir='ltr'><strong>qui</strong></span> <span class='ocrx_word' id='word_1_8' title='bbox 794 550 1056 603; x_wconf 85' lang='lat' dir='ltr'><strong>erubescit</strong></span> <span class='ocrx_word' id='word_1_9' title='bbox 1093 523 1303 619; x_wconf 72' lang='lat' dir='ltr'><strong>ingenio</strong></span> <span class='ocrx_word' id='word_1_10' title='bbox 1342 557 1422 603; x_wconf 85' lang='lat' dir='ltr'><strong>est</strong></span> <span class='ocrx_word' id='word_1_11' title='bbox 1458 553 1639 619; x_wconf 86' lang='lat' dir='ltr'><strong>probo.</strong></span> 
     </span>
    </p>
   </div>
   <div class='ocr_carea' id='block_1_4' title="bbox 309 659 1577 903">
    <p class='ocr_par' dir='ltr' id='par_1_4' title="bbox 309 659 1577 903">
     <span class='ocr_line' id='line_1_5' title="bbox 1208 659 1273 709; baseline 0 0"><span class='ocrx_word' id='word_1_12' title='bbox 1208 659 1273 709; x_wconf 89' lang='lat'><strong>11.</strong></span> 
     </span>
     <span class='ocr_line' id='line_1_6' title="bbox 309 731 1577 810; baseline -0.002 -10"><span class='ocrx_word' id='word_1_13' title='bbox 309 751 455 800; x_wconf 90' lang='lat' dir='ltr'><strong>Bono</strong></span> <span class='ocrx_word' id='word_1_14' title='bbox 494 763 610 799; x_wconf 87' lang='lat' dir='ltr'><strong>esse</strong></span> <span class='ocrx_word' id='word_1_15' title='bbox 649 747 874 809; x_wconf 89' lang='lat' dir='ltr'><strong>nomine,</strong></span> <span class='ocrx_word' id='word_1_16' title='bbox 913 746 968 796; x_wconf 89' lang='lat' dir='ltr'><strong>id</strong></span> <span class='ocrx_word' id='word_1_17' title='bbox 1007 763 1132 798; x_wconf 88' lang='lat' dir='ltr'><strong>vero</strong></span> <span class='ocrx_word' id='word_1_18' title='bbox 1171 747 1415 798; x_wconf 80' lang='lat' dir='ltr'><strong>viaticum</strong></span> <span class='ocrx_word' id='word_1_19' title='bbox 1455 731 1577 810; x_wconf 27' lang='lat' dir='ltr'><strong>est,-</strong></span> 
     </span>
     <span class='ocr_line' id='line_1_7' title="bbox 310 834 1500 903; baseline -0.001 -15"><span class='ocrx_word' id='word_1_20' title='bbox 310 835 558 903; x_wconf 85' lang='lat' dir='ltr'><strong>quidquid</strong></span> <span class='ocrx_word' id='word_1_21' title='bbox 596 839 744 902; x_wconf 83' lang='lat' dir='ltr'><strong>paret</strong></span> <span class='ocrx_word' id='word_1_22' title='bbox 780 834 990 886; x_wconf 80' lang='lat' dir='ltr'><strong>fortuna</strong></span> <span class='ocrx_word' id='word_1_23' title='bbox 1028 837 1208 901; x_wconf 85' lang='lat' dir='ltr'><strong>quovis</strong></span> <span class='ocrx_word' id='word_1_24' title='bbox 1246 841 1500 903; x_wconf 84' lang='lat' dir='ltr'><strong>tempore.</strong></span> 
     </span>
    </p>
   </div>
   <div class='ocr_carea' id='block_1_5' title="bbox 1075 956 1409 967">
    <p class='ocr_par' dir='ltr' id='par_1_5' title="bbox 1075 956 1409 967">
     <span class='ocr_line' id='line_1_8' title="bbox 1075 956 1409 967; baseline 0 2951"><span class='ocrx_word' id='word_1_25' title='bbox 1075 956 1409 967; x_wconf 95' lang='lat' dir='ltr'><strong> </strong></span> 
     </span>
    </p>
   </div>
   <div class='ocr_carea' id='block_1_6' title="bbox 921 1053 1570 1111">
    <p class='ocr_par' dir='ltr' id='par_1_6' title="bbox 921 1053 1570 1111">
     <span class='ocr_line' id='line_1_9' title="bbox 921 1053 1570 1111; baseline 0.005 -3"><span class='ocrx_word' id='word_1_26' title='bbox 921 1053 964 1108; x_wconf 88' lang='lat' dir='ltr'><em>O</em></span> <span class='ocrx_word' id='word_1_27' title='bbox 1109 1056 1164 1108; x_wconf 88' lang='lat' dir='ltr'><em>P</em></span> <span class='ocrx_word' id='word_1_28' title='bbox 1301 1058 1357 1110; x_wconf 86' lang='grc' dir='ltr'><strong><em>Γ</em></strong></span> <span class='ocrx_word' id='word_1_29' title='bbox 1487 1059 1570 1111; x_wconf 89' lang='grc' dir='ltr'><strong>Η.</strong></span> 
     </span>
    </p>
   </div>
   <div class='ocr_carea' id='block_1_7' title="bbox 303 1166 1688 1941">
    <p class='ocr_par' dir='ltr' id='par_1_7' title="bbox 303 1166 1688 1941">
     <span class='ocr_line' id='line_1_10' title="bbox 1230 1166 1269 1216; baseline 0.026 -1"><span class='ocrx_word' id='word_1_30' title='bbox 1230 1166 1269 1216; x_wconf 88' lang='grc' dir='ltr'><strong>Ι.</strong></span> 
     </span>
     <span class='ocr_line' id='line_1_11' title="bbox 308 1252 1578 1323; baseline -0.002 -15"><span class='ocrx_word' id='word_1_31' title='bbox 308 1259 378 1310; x_wconf 79' lang='lat' dir='ltr'><strong>Et</strong></span> <span class='ocrx_word' id='word_1_32' title='bbox 414 1272 528 1323; x_wconf 14' lang='lat' dir='ltr'><strong>egos</strong></span> <span class='ocrx_word' id='word_1_33' title='bbox 551 1255 872 1314; x_wconf 83' lang='lat' dir='ltr'><strong>adolescens,</strong></span> <span class='ocrx_word' id='word_1_34' title='bbox 912 1252 1117 1315; x_wconf 89' lang='lat' dir='ltr'><strong>mulier,</strong></span> <span class='ocrx_word' id='word_1_35' title='bbox 1156 1253 1430 1320; x_wconf 81' lang='lat' dir='ltr'><strong>aliquando</strong></span> <span class='ocrx_word' id='word_1_36' title='bbox 1469 1254 1578 1306; x_wconf 86' lang='lat' dir='ltr'><strong>fui:</strong></span> 
     </span>
     <span class='ocr_line' id='line_1_12' title="bbox 307 1341 1419 1407; baseline -0.004 -9"><span class='ocrx_word' id='word_1_37' title='bbox 307 1362 406 1398; x_wconf 89' lang='lat' dir='ltr'><strong>nec</strong></span> <span class='ocrx_word' id='word_1_38' title='bbox 442 1351 566 1396; x_wconf 85' lang='lat' dir='ltr'><strong>tunc</strong></span> <span class='ocrx_word' id='word_1_39' title='bbox 602 1342 810 1394; x_wconf 84' lang='lat' dir='ltr'><strong>lavabar</strong></span> <span class='ocrx_word' id='word_1_40' title='bbox 846 1341 1120 1407; x_wconf 83' lang='lat' dir='ltr'>quinquies</span> <span class='ocrx_word' id='word_1_41' title='bbox 1159 1356 1261 1392; x_wconf 89' lang='lat' dir='ltr'><strong>una</strong></span> <span class='ocrx_word' id='word_1_42' title='bbox 1303 1343 1419 1394; x_wconf 87' lang='lat' dir='ltr'><strong>die:</strong></span> 
     </span>
     <span class='ocr_line' id='line_1_13' title="bbox 306 1431 1606 1497; baseline -0.004 -11"><span class='ocrx_word' id='word_1_43' title='bbox 306 1450 444 1486; x_wconf 91' lang='lat' dir='ltr'><strong>nunc</strong></span> <span class='ocrx_word' id='word_1_44' title='bbox 478 1435 603 1496; x_wconf 81' lang='lat' dir='ltr'><strong>fiet3</strong></span> <span class='ocrx_word' id='word_1_45' title='bbox 642 1447 740 1482; x_wconf 91' lang='lat' dir='ltr'><strong>nec</strong></span> <span class='ocrx_word' id='word_1_46' title='bbox 777 1446 917 1481; x_wconf 88' lang='lat' dir='ltr'><strong>eram</strong></span> <span class='ocrx_word' id='word_1_47' title='bbox 958 1431 1276 1497; x_wconf 82' lang='lat' dir='ltr'><strong>patagiatus:</strong></span> <span class='ocrx_word' id='word_1_48' title='bbox 1314 1447 1449 1483; x_wconf 87' lang='lat' dir='ltr'><strong>nunc</strong></span> <span class='ocrx_word' id='word_1_49' title='bbox 1487 1448 1606 1495; x_wconf 90' lang='lat' dir='ltr'><strong>ero;</strong></span> 
     </span>
     <span class='ocr_line' id='line_1_14' title="bbox 305 1520 1674 1589; baseline -0.002 -14"><span class='ocrx_word' id='word_1_50' title='bbox 305 1540 404 1576; x_wconf 89' lang='lat' dir='ltr'><strong>nec</strong></span> <span class='ocrx_word' id='word_1_51' title='bbox 442 1525 821 1589; x_wconf 74' lang='lat' dir='ltr'><strong>unguentatus:</strong></span> <span class='ocrx_word' id='word_1_52' title='bbox 858 1524 910 1569; x_wconf 84' lang='lat' dir='ltr'><strong>at</strong></span> <span class='ocrx_word' id='word_1_53' title='bbox 947 1535 1083 1570; x_wconf 93' lang='lat' dir='ltr'><strong>nunc</strong></span> <span class='ocrx_word' id='word_1_54' title='bbox 1119 1520 1207 1586; x_wconf 89' lang='lat' dir='ltr'><strong>pol</strong></span> <span class='ocrx_word' id='word_1_55' title='bbox 1243 1521 1414 1588; x_wconf 78' lang='lat' dir='ltr'><strong>tingat</strong></span> <span class='ocrx_word' id='word_1_56' title='bbox 1450 1537 1674 1587; x_wconf 85' lang='lat' dir='ltr'><strong>quoque,</strong></span> 
     </span>
     <span class='ocr_line' id='line_1_15' title="bbox 307 1607 1392 1679; baseline -0.005 -15"><span class='ocrx_word' id='word_1_57' title='bbox 307 1619 360 1664; x_wconf 82' lang='lat' dir='ltr'><strong>et</strong></span> <span class='ocrx_word' id='word_1_58' title='bbox 397 1611 690 1679; x_wconf 83' lang='lat' dir='ltr'><strong>depilabor:</strong></span> <span class='ocrx_word' id='word_1_59' title='bbox 734 1607 960 1672; x_wconf 85' lang='lat' dir='ltr'><strong>denique</strong></span> <span class='ocrx_word' id='word_1_60' title='bbox 997 1607 1209 1659; x_wconf 82' lang='lat' dir='ltr'><strong>evadam</strong></span> <span class='ocrx_word' id='word_1_61' title='bbox 1247 1610 1392 1661; x_wconf 88' lang='lat' dir='ltr'><strong>brevi</strong></span> 
     </span>
     <span class='ocr_line' id='line_1_16' title="bbox 306 1695 1688 1767; baseline -0.001 -15"><span class='ocrx_word' id='word_1_62' title='bbox 306 1702 589 1767; x_wconf 83' lang='lat' dir='ltr'><strong>Clesippus</strong></span> <span class='ocrx_word' id='word_1_63' title='bbox 626 1697 775 1759; x_wconf 89' lang='lat' dir='ltr'><strong>alter,</strong></span> <span class='ocrx_word' id='word_1_64' title='bbox 810 1712 914 1745; x_wconf 90' lang='lat' dir='ltr'><strong>non</strong></span> <span class='ocrx_word' id='word_1_65' title='bbox 952 1695 1110 1747; x_wconf 90' lang='lat' dir='ltr'><strong>homo</strong></span> <span class='ocrx_word' id='word_1_66' title='bbox 1148 1703 1204 1748; x_wconf 83' lang='lat' dir='ltr'><strong>ut</strong></span> <span class='ocrx_word' id='word_1_67' title='bbox 1243 1715 1410 1749; x_wconf 91' lang='lat' dir='ltr'><strong>eram:</strong></span> <span class='ocrx_word' id='word_1_68' title='bbox 1449 1698 1688 1765; x_wconf 84' lang='lat' dir='ltr'><strong>denique,</strong></span> 
     </span>
     <span class='ocr_line' id='line_1_17' title="bbox 303 1785 1474 1854; baseline -0.004 -13"><span class='ocrx_word' id='word_1_69' title='bbox 303 1795 364 1842; x_wconf 87' lang='lat' dir='ltr'><strong>ut</strong></span> <span class='ocrx_word' id='word_1_70' title='bbox 397 1790 504 1850; x_wconf 93' lang='lat' dir='ltr'><strong>ille,</strong></span> <span class='ocrx_word' id='word_1_71' title='bbox 540 1788 683 1854; x_wconf 88' lang='lat' dir='ltr'><strong>ipsos</strong></span> <span class='ocrx_word' id='word_1_72' title='bbox 720 1785 874 1835; x_wconf 81' lang='lat' dir='ltr'><strong>etiam</strong></span> <span class='ocrx_word' id='word_1_73' title='bbox 913 1785 1112 1851; x_wconf 82' lang='lat' dir='ltr'><strong>lapides</strong></span> <span class='ocrx_word' id='word_1_74' title='bbox 1150 1787 1474 1854; x_wconf 82' lang='lat' dir='ltr'><strong>abliguriam,</strong></span> 
     </span>
     <span class='ocr_line' id='line_1_18' title="bbox 307 1874 1507 1941; baseline -0.002 -12"><span class='ocrx_word' id='word_1_75' title='bbox 307 1894 374 1929; x_wconf 90' lang='lat' dir='ltr'><strong>ne</strong></span> <span class='ocrx_word' id='word_1_76' title='bbox 411 1875 538 1928; x_wconf 88' lang='lat' dir='ltr'><strong>mihi</strong></span> <span class='ocrx_word' id='word_1_77' title='bbox 576 1874 822 1927; x_wconf 86' lang='lat' dir='ltr'><strong>sufficere</strong></span> <span class='ocrx_word' id='word_1_78' title='bbox 857 1878 1057 1926; x_wconf 81' lang='lat' dir='ltr'><strong>terram</strong></span> <span class='ocrx_word' id='word_1_79' title='bbox 1088 1891 1240 1941; x_wconf 87' lang='lat' dir='ltr'><strong>posse</strong></span> <span class='ocrx_word' id='word_1_80' title='bbox 1278 1892 1507 1928; x_wconf 81' lang='lat' dir='ltr'><strong>censeas.</strong></span> 
     </span>
    </p>
   </div>
   <div class='ocr_carea' id='block_1_8' title="bbox 302 1981 1738 2493">
    <p class='ocr_par' dir='ltr' id='par_1_8' title="bbox 302 1981 1738 2493">
     <span class='ocr_line' id='line_1_19' title="bbox 1203 1981 1270 2031; baseline 0 0"><span class='ocrx_word' id='word_1_81' title='bbox 1203 1981 1270 2031; x_wconf 91' lang='lat'><strong>11.</strong></span> 
     </span>
     <span class='ocr_line' id='line_1_20' title="bbox 891 2070 1631 2136; baseline 0.001 -15"><span class='ocrx_word' id='word_1_82' title='bbox 891 2070 1135 2136; x_wconf 78' lang='lat' dir='ltr'><strong>Quisquis</strong></span> <span class='ocrx_word' id='word_1_83' title='bbox 1174 2076 1253 2121; x_wconf 87' lang='lat' dir='ltr'><strong>est</strong></span> <span class='ocrx_word' id='word_1_84' title='bbox 1290 2070 1467 2122; x_wconf 83' lang='lat' dir='ltr'><strong>differt</strong></span> <span class='ocrx_word' id='word_1_85' title='bbox 1505 2072 1631 2124; x_wconf 88' lang='lat' dir='ltr'><strong>nihil</strong></span> 
     </span>
     <span class='ocr_line' id='line_1_21' title="bbox 304 2144 1738 2227; baseline -0.001 -14"><span class='ocrx_word' id='word_1_86' title='bbox 304 2179 334 2213; x_wconf 84' lang='lat' dir='ltr'><strong>a</strong></span> <span class='ocrx_word' id='word_1_87' title='bbox 372 2158 794 2226; x_wconf 82' lang='lat' dir='ltr'><strong>Chaerephonte,</strong></span> <span class='ocrx_word' id='word_1_88' title='bbox 834 2160 920 2225; x_wconf 89' lang='lat' dir='ltr'><strong>qui</strong></span> <span class='ocrx_word' id='word_1_89' title='bbox 957 2167 1168 2210; x_wconf 79' lang='lat' dir='ltr'><strong>vocatus</strong></span> <span class='ocrx_word' id='word_1_90' title='bbox 1205 2160 1270 2210; x_wconf 87' lang='lat' dir='ltr'><strong>ad</strong></span> <span class='ocrx_word' id='word_1_91' title='bbox 1309 2161 1469 2227; x_wconf 86' lang='lat' dir='ltr'><strong>dapes</strong></span> <span class='ocrx_word' id='word_1_92' title='bbox 1732 2144 1738 2147; x_wconf 10' lang='grc' dir='ltr'>μ</span> 
     </span>
     <span class='ocr_line' id='line_1_22' title="bbox 302 2248 1542 2316; baseline -0.001 -15"><span class='ocrx_word' id='word_1_93' title='bbox 302 2251 356 2301; x_wconf 93' lang='lat' dir='ltr'><strong>in</strong></span> <span class='ocrx_word' id='word_1_94' title='bbox 389 2254 566 2301; x_wconf 86' lang='lat' dir='ltr'><strong>serum</strong></span> <span class='ocrx_word' id='word_1_95' title='bbox 603 2254 805 2315; x_wconf 86' lang='lat' dir='ltr'><strong>tempus</strong></span> <span class='ocrx_word' id='word_1_96' title='bbox 842 2249 1055 2299; x_wconf 80' lang='lat' dir='ltr'><strong>umbrae</strong></span> <span class='ocrx_word' id='word_1_97' title='bbox 1094 2248 1542 2316; x_wconf 71' lang='lat' dir='ltr'><strong>duodecimpedi8‚</strong></span> 
     </span>
     <span class='ocr_line' id='line_1_23' title="bbox 303 2337 1583 2404; baseline -0.002 -15"><span class='ocrx_word' id='word_1_98' title='bbox 303 2354 453 2389; x_wconf 85' lang='lat' dir='ltr'><strong>mane</strong></span> <span class='ocrx_word' id='word_1_99' title='bbox 489 2337 670 2388; x_wconf 89' lang='lat' dir='ltr'><strong>umbra</strong></span> <span class='ocrx_word' id='word_1_100' title='bbox 706 2342 915 2404; x_wconf 78' lang='lat' dir='ltr'><strong>aspecta</strong></span> <span class='ocrx_word' id='word_1_101' title='bbox 952 2337 1126 2388; x_wconf 90' lang='lat' dir='ltr'><strong>lumen</strong></span> <span class='ocrx_word' id='word_1_102' title='bbox 1166 2338 1231 2389; x_wconf 84' lang='lat' dir='ltr'><strong>ad</strong></span> <span class='ocrx_word' id='word_1_103' title='bbox 1267 2339 1423 2389; x_wconf 84' lang='lat' dir='ltr'><strong>lunae</strong></span> <span class='ocrx_word' id='word_1_104' title='bbox 1461 2337 1583 2388; x_wconf 84' lang='lat' dir='ltr'><strong>exiit</strong></span> 
     </span>
     <span class='ocr_line' id='line_1_24' title="bbox 302 2424 1576 2493; baseline -0.002 -14"><span class='ocrx_word' id='word_1_105' title='bbox 302 2429 534 2479; x_wconf 85' lang='lat' dir='ltr'><strong>cunctari</strong></span> <span class='ocrx_word' id='word_1_106' title='bbox 571 2430 824 2488; x_wconf 86' lang='lat' dir='ltr'><strong>metuens,</strong></span> <span class='ocrx_word' id='word_1_107' title='bbox 863 2441 1081 2492; x_wconf 87' lang='lat' dir='ltr'><strong>cumque</strong></span> <span class='ocrx_word' id='word_1_108' title='bbox 1117 2427 1231 2493; x_wconf 89' lang='lat' dir='ltr'><strong>ipso</strong></span> <span class='ocrx_word' id='word_1_109' title='bbox 1273 2427 1358 2477; x_wconf 88' lang='lat' dir='ltr'><strong>die</strong></span> <span class='ocrx_word' id='word_1_110' title='bbox 1395 2424 1576 2476; x_wconf 81' lang='lat' dir='ltr'><strong>adfuit.</strong></span> 
     </span>
    </p>
   </div>
   <div class='ocr_carea' id='block_1_9' title="bbox 297 2533 2022 2876">
    <p class='ocr_par' dir='ltr' id='par_1_9' title="bbox 297 2533 2022 2876">
     <span class='ocr_line' id='line_1_25' title="bbox 1179 2533 1272 2583; baseline 0 0"><span class='ocrx_word' id='word_1_111' title='bbox 1179 2533 1272 2583; x_wconf 87' lang='lat' dir='ltr'><strong>Ill.</strong></span> 
     </span>
     <span class='ocr_line' id='line_1_26' title="bbox 302 2590 1705 2701; baseline -0.002 -28"><span class='ocrx_word' id='word_1_112' title='bbox 302 2622 409 2673; x_wconf 85' lang='lat' dir='ltr'><strong>Iste</strong></span> <span class='ocrx_word' id='word_1_113' title='bbox 445 2637 600 2673; x_wconf 87' lang='lat' dir='ltr'><strong>verus</strong></span> <span class='ocrx_word' id='word_1_114' title='bbox 639 2626 719 2674; x_wconf 85' lang='lat' dir='ltr'><strong>est</strong></span> <span class='ocrx_word' id='word_1_115' title='bbox 755 2621 983 2672; x_wconf 84' lang='lat' dir='ltr'><strong>sodalis:</strong></span> <span class='ocrx_word' id='word_1_116' title='bbox 1021 2636 1143 2683; x_wconf 91' lang='lat' dir='ltr'><strong>non,</strong></span> <span class='ocrx_word' id='word_1_117' title='bbox 1182 2627 1245 2701; x_wconf 10' lang='lat' dir='ltr'><strong>ut*</strong></span> <span class='ocrx_word' id='word_1_118' title='bbox 1276 2590 1380 2683; x_wconf 70' lang='lat' dir='ltr'><strong>alii,</strong></span> <span class='ocrx_word' id='word_1_119' title='bbox 1418 2622 1705 2687; x_wconf 84' lang='lat' dir='ltr'><strong>interrogat</strong></span> 
     </span>
     <span class='ocr_line' id='line_1_27' title="bbox 301 2709 1791 2777; baseline -0.002 -16"><span class='ocrx_word' id='word_1_120' title='bbox 301 2711 507 2777; x_wconf 87' lang='lat' dir='ltr'><strong>quando</strong></span> <span class='ocrx_word' id='word_1_121' title='bbox 546 2726 708 2762; x_wconf 89' lang='lat' dir='ltr'><strong>coena</strong></span> <span class='ocrx_word' id='word_1_122' title='bbox 746 2712 815 2762; x_wconf 87' lang='lat' dir='ltr'><strong>sit</strong></span> <span class='ocrx_word' id='word_1_123' title='bbox 851 2709 1044 2773; x_wconf 82' lang='lat' dir='ltr'><strong>futura,</strong></span> <span class='ocrx_word' id='word_1_124' title='bbox 1083 2709 1272 2776; x_wconf 85' lang='lat' dir='ltr'><strong>quidve</strong></span> <span class='ocrx_word' id='word_1_125' title='bbox 1309 2713 1613 2776; x_wconf 78' lang='lat' dir='ltr'><strong>praesentes</strong></span> <span class='ocrx_word' id='word_1_126' title='bbox 1652 2711 1791 2759; x_wconf 81' lang='lat' dir='ltr'><strong>vetet</strong></span> 
     </span>
     <span class='ocr_line' id='line_1_28' title="bbox 297 2797 2022 2876; baseline -0.001 -26"><span class='ocrx_word' id='word_1_127' title='bbox 297 2815 512 2876; x_wconf 76' lang='lat' dir='ltr'><strong>coenam</strong></span> <span class='ocrx_word' id='word_1_128' title='bbox 549 2801 815 2867; x_wconf 80' lang='lat' dir='ltr'><strong>incipere:</strong></span> <span class='ocrx_word' id='word_1_129' title='bbox 853 2799 1044 2850; x_wconf 87' lang='lat' dir='ltr'><strong>deinde</strong></span> <span class='ocrx_word' id='word_1_130' title='bbox 1081 2815 1294 2850; x_wconf 82' lang='lat' dir='ltr'><strong>coenam</strong></span> <span class='ocrx_word' id='word_1_131' title='bbox 1334 2798 1535 2864; x_wconf 80' lang='lat' dir='ltr'><strong>quaerit</strong></span> <span class='ocrx_word' id='word_1_132' title='bbox 1571 2798 1624 2849; x_wconf 90' lang='lat' dir='ltr'><strong>in</strong></span> <span class='ocrx_word' id='word_1_133' title='bbox 1661 2797 2022 2864; x_wconf 87' lang='lat' dir='ltr'><strong>perendinum,</strong></span> 
     </span>
    </p>
   </div>
   <div class='ocr_carea' id='block_1_10' title="bbox 296 2888 2202 3011">
    <p class='ocr_par' dir='ltr' id='par_1_10' title="bbox 296 2888 2202 3011">
     <span class='ocr_line' id='line_1_29' title="bbox 296 2888 2202 3011; baseline 0.003 -73"><span class='ocrx_word' id='word_1_134' title='bbox 296 2904 414 2938; x_wconf 85' lang='lat' dir='ltr'><strong>mox</strong></span> <span class='ocrx_word' id='word_1_135' title='bbox 451 2888 539 2938; x_wconf 92' lang='lat' dir='ltr'><strong>ubi</strong></span> <span class='ocrx_word' id='word_1_136' title='bbox 577 2888 897 2940; x_wconf 81' lang='lat' dir='ltr'><strong>silicernium</strong></span> <span class='ocrx_word' id='word_1_137' title='bbox 936 2888 1018 2939; x_wconf 84' lang='lat' dir='ltr'><strong>sit.</strong></span> <span class='ocrx_word' id='word_1_138' title='bbox 1184 2959 1256 3011; x_wconf 65' lang='lat' dir='ltr'><strong>IV</strong></span> <span class='ocrx_word' id='word_1_139' title='bbox 2195 2897 2202 2967; x_wconf 73' lang='lat'><strong>³:</strong></span> 
     </span>
    </p>
   </div>
   <div class='ocr_carea' id='block_1_11' title="bbox 295 3045 1627 3204">
    <p class='ocr_par' dir='ltr' id='par_1_11' title="bbox 295 3045 1627 3204">
     <span class='ocr_line' id='line_1_30' title="bbox 295 3045 1627 3115; baseline 0.002 -18"><span class='ocrx_word' id='word_1_140' title='bbox 295 3049 447 3098; x_wconf 86' lang='lat' dir='ltr'><strong>Hunc</strong></span> <span class='ocrx_word' id='word_1_141' title='bbox 485 3048 627 3097; x_wconf 86' lang='lat' dir='ltr'><strong>vobis</strong></span> <span class='ocrx_word' id='word_1_142' title='bbox 662 3048 704 3098; x_wconf 92' lang='lat' dir='ltr'><strong>si</strong></span> <span class='ocrx_word' id='word_1_143' title='bbox 743 3047 1066 3115; x_wconf 85' lang='lat' dir='ltr'><strong>pulchellum</strong></span> <span class='ocrx_word' id='word_1_144' title='bbox 1107 3048 1386 3114; x_wconf 75' lang='lat' dir='ltr'><strong>contigerit</strong></span> <span class='ocrx_word' id='word_1_145' title='bbox 1424 3045 1627 3111; x_wconf 79' lang='lat' dir='ltr'><strong>fames‚&#39;</strong></span> 
     </span>
     <span class='ocr_line' id='line_1_31' title="bbox 297 3135 1338 3204; baseline 0.002 -18"><span class='ocrx_word' id='word_1_146' title='bbox 297 3137 516 3187; x_wconf 83' lang='lat' dir='ltr'><strong>cadaver</strong></span> <span class='ocrx_word' id='word_1_147' title='bbox 551 3135 708 3187; x_wconf 83' lang='lat' dir='ltr'><strong>faciet</strong></span> <span class='ocrx_word' id='word_1_148' title='bbox 742 3136 986 3204; x_wconf 81' lang='lat' dir='ltr'><strong>gracilius</strong></span> <span class='ocrx_word' id='word_1_149' title='bbox 1026 3137 1338 3204; x_wconf 87' lang='lat' dir='ltr'><strong>Philippide.</strong></span> 
     </span>
    </p>
   </div>
   <div class='ocr_carea' id='block_1_12' title="bbox 1192 3243 1253 3294">
    <p class='ocr_par' dir='ltr' id='par_1_12' title="bbox 1192 3243 1253 3294">
     <span class='ocr_line' id='line_1_32' title="bbox 1192 3243 1253 3294; baseline 0 0"><span class='ocrx_word' id='word_1_150' title='bbox 1192 3243 1253 3294; x_wconf 90' lang='lat' dir='ltr'><strong>V.</strong></span> 
     </span>
    </p>
   </div>
   <div class='ocr_carea' id='block_1_13' title="bbox 296 3329 1427 3473">
    <p class='ocr_par' dir='ltr' id='par_1_13' title="bbox 296 3329 1427 3473">
     <span class='ocr_line' id='line_1_33' title="bbox 296 3329 1427 3400; baseline 0.002 -18"><span class='ocrx_word' id='word_1_151' title='bbox 296 3329 516 3383; x_wconf 77' lang='lat' dir='ltr'><strong>Adulter</strong></span> <span class='ocrx_word' id='word_1_152' title='bbox 556 3336 637 3381; x_wconf 83' lang='lat' dir='ltr'><strong>est</strong></span> <span class='ocrx_word' id='word_1_153' title='bbox 672 3348 774 3393; x_wconf 86' lang='lat' dir='ltr'><strong>res,</strong></span> <span class='ocrx_word' id='word_1_154' title='bbox 813 3333 985 3400; x_wconf 71' lang='lat' dir='ltr'><strong>crede,</strong></span> <span class='ocrx_word' id='word_1_155' title='bbox 1028 3332 1427 3400; x_wconf 82' lang='lat' dir='ltr'><strong>pretiosissima:</strong></span> 
     </span>
     <span class='ocr_line' id='line_1_34' title="bbox 297 3425 868 3473; baseline 0 -3"><span class='ocrx_word' id='word_1_156' title='bbox 297 3435 412 3471; x_wconf 90' lang='lat' dir='ltr'><strong>nam</strong></span> <span class='ocrx_word' id='word_1_157' title='bbox 449 3425 615 3471; x_wconf 84' lang='lat' dir='ltr'><strong>morte</strong></span> <span class='ocrx_word' id='word_1_158' title='bbox 653 3425 868 3473; x_wconf 78' lang='lat' dir='ltr'><strong>constat.</strong></span> 
     </span>
    </p>
   </div>
   <div class='ocr_carea' id='block_1_14' title="bbox 2177 2965 2202 3465">
    <p class='ocr_par' dir='ltr' id='par_1_14' title="bbox 2177 2965 2202 3465">
     <span class='ocr_line' id='line_1_35' title="bbox 2177 2965 2202 3465; baseline 0 453"><span class='ocrx_word' id='word_1_159' title='bbox 2177 2965 2202 3465; x_wconf 95' lang='lat' dir='ltr'><strong> </strong></span> 
     </span>
    </p>
   </div>
   <div class='ocr_carea' id='block_1_15' title="bbox 1059 3534 1385 3546">
    <p class='ocr_par' dir='ltr' id='par_1_15' title="bbox 1059 3534 1385 3546">
     <span class='ocr_line' id='line_1_36' title="bbox 1059 3534 1385 3546; baseline 0 372"><span class='ocrx_word' id='word_1_160' title='bbox 1059 3534 1385 3546; x_wconf 95' lang='lat' dir='ltr'><strong> </strong></span> 
     </span>
    </p>
   </div>
  </div>
 </body>
</html>
