2202 3918
782 234 1257 289 SENTENTIAE.

1849 241 1956 292 817

242 380 570 446 Ubicumque
608 382 690 430 est
724 377 928 440 mulier,
970 379 1042 428 ibi
1080 378 1334 429 malornm
1373 395 1526 432 omne
1561 386 1638 433 est
1678 397 1865 449 genus,

101 469 208 524 695
246 471 442 522 Acutus
478 468 544 519 ad
582 467 843 519 cernenda
877 473 1065 518 cuncta
1102 467 1287 518 oculus
1325 467 1428 519 dei.

239 558 425 619 Eheu!
462 561 520 608 ut
554 556 795 607 homines
830 556 1000 608 subita
1038 556 1337 607 dementant
1373 555 1523 606 mala.

240 647 393 699 Felix
430 646 495 696 ab
532 645 672 697 omni
709 648 857 711 parte
895 661 1047 695 nemo
1084 659 1303 710 usquam
1342 648 1424 694 est
1456 643 1631 696 homo.

244 736 410 787 Adest
445 735 657 800 ubique,
693 734 872 799 nilque
908 720 1029 784 non‘
1051 734 1219 783 cernit
1255 734 1402 784 deus.
1491 721 1494 727 ⁵

245 824 534 876 Multorum
570 825 836 889 ingressus
874 823 1195 874 medicorum
1234 838 1320 872 me
1357 820 1602 888 perdidit.

105 913 213 964 700
249 912 432 964 Multis
470 912 710 963 miseriae
750 927 921 975 causa,
958 910 1244 963 femineum
1281 926 1465 978 genus.

247 1001 366 1052 Non
404 1005 575 1050 servat
610 1001 739 1050 iram
776 1001 828 1050 in
865 1001 1031 1050 filium
1072 1002 1302 1050 clemens
1341 1004 1505 1064 pater.

247 1087 429 1153 lniqua
466 1102 726 1152 nunquam
764 1086 922 1139 facito
963 1102 1120 1154 opum
1159 1087 1368 1138 fiducia.

250 1177 334 1229 Ne
371 1175 578 1227 curiose
616 1175 834 1227 alterins
869 1177 1077 1243 inquire
1113 1177 1166 1227 in
1205 1176 1355 1227 mala.

248 1264 337 1318 Nil
375 1281 534 1332 agere
569 1280 723 1316 causa
762 1266 1003 1332 plurimis
1040 1271 1098 1316 ut
1134 1271 1290 1332 agant
1328 1265 1478 1316 male.

109 1355 217 1408 7⁰5
252 1357 432 1408 Annos
467 1358 614 1406 notat
649 1354 852 1417 canitia,
889 1370 991 1405 non
1030 1354 1376 1420 prudentiam.

251 1444 423 1511 Saepe
459 1448 538 1494 est
575 1443 826 1493 malorum
864 1458 1019 1494 causa
1054 1442 1339 1495 festinatio.

157 1552 162 1557 ¹
253 1533 458 1585 Gonare
491 1530 635 1583 ferre
671 1532 827 1583 sortis
864 1532 1228 1599 ignorantiam.

258 1621 343 1672 Re
377 1635 481 1671 non
518 1626 692 1671 amant
727 1621 984 1688 plerique,
1021 1622 1116 1673 sed
1150 1637 1331 1673 mensa
1368 1623 1541 1672 tenus.

256 1709 446 1761 Orator
478 1710 747 1776 improbus
783 1710 900 1761 lues
937 1717 1017 1762 est
1053 1711 1273 1778 legibus.

111 1799 219 1852 71⁰
255 1798 459 1851 Emissa
493 1797 558 1848 ab
597 1811 690 1847 ore
726 1799 883 1848 verba
920 1814 1170 1849 revocare
1206 1798 1350 1848 haud
1389 1797 1561 1849 datur.
1645 1824 1651 1828 -

252 1890 277 1916 *
319 1888 559 1939 Stertunt
591 1885 835 1938 fortunae
872 1888 1059 1939 obruta
1098 1885 1246 1939 bonis
1283 1887 1514 1954 negotia.

255 1978 488 2028 Fortuna
522 1991 682 2042 parva
716 1981 887 2026 versat
924 1976 1150 2027 humana
1186 1977 1376 2027 omnia.

257 2065 453 2116 Domus
495 2065 632 2115 enim
671 2065 912 2118 columna
949 2072 1030 2118 est
1069 2067 1244 2133 proles
1284 2066 1529 2117 mascula.

257 2153 436 2205 Bonus
471 2153 737 2204 consultor
774 2155 847 2205 sis
885 2155 1081 2217 amicis,
1121 2170 1223 2205 non
1262 2154 1446 2205 malus.
1507 2197 1511 2201 .

116 2240 225 2293 715
263 2241 525 2292 Bonorum
563 2242 633 2293 sis
671 2244 952 2306 consultor,
990 2244 1185 2295 nullius
1222 2243 1359 2294 mali.

258 2331 356 2382 Eat
391 2331 556 2396 patria
591 2332 748 2383 tellus
787 2333 970 2395 omnis,
1008 2333 1303 2398 cuicunque
1341 2336 1422 2382 est
1462 2331 1612 2384 bene.

257 2418 495 2470 Pretiosa
528 2436 615 2471 res
653 2422 915 2488 possessio
953 2422 1226 2488 aequitatis
1265 2425 1361 2471 est.

257 2508 500 2559 Humana
536 2510 658 2571 vita,
694 2526 907 2563 caecum
946 2517 1001 2562 et
1035 2510 1217 2562 infelix
1253 2510 1369 2560 iter.

258 2597 470 2649 Habent
507 2599 642 2649 mala
678 2599 824 2650 lucra
858 2601 1178 2651 calamitates
1216 2599 1544 2666 pedisequas.

115 2687 222 2740 720
258 2686 395 2755 Opta
432 2686 526 2737 tibi
562 2702 728 2753 usque
766 2688 1044 2755 Temporis
1081 2688 1383 2739 faventiam.

265 2776 482 2828 Cunctis
520 2776 819 2829 hominibus
856 2778 1024 2844 gloria
1062 2778 1288 2829 eruditio
1328 2783 1425 2829 est.

258 2865 423 2917 Nimis
459 2881 616 2932 agere
653 2866 815 2918 multa
853 2867 1089 2933 putidum
1128 2882 1339 2933 semper
1376 2866 1544 2917 nimis.

262 2951 432 3005 mult·
467 2967 625 3021 agere
661 2956 837 3006 multis
874 2956 1075 3007 initium
1115 2961 1194 3006 est
1232 2955 1575 3005 moeroribus.

265 3039 456 3093 Peccet
491 3058 708 3095 necesse
745 3050 826 3096 est
862 3045 1041 3107 multa,
1081 3044 1170 3110 qui
1209 3044 1369 3094 multa
1410 3042 1615 3094 audeat.

122 3128 230 3182 725
266 3127 502 3182 Humana
535 3147 684 3184 casus
721 3135 841 3197 vita,
878 3149 980 3185 non
1023 3133 1298 3200 prudentia
1335 3139 1431 3182 est.

263 3218 487 3271 Meliora
521 3235 673 3286 qnam
710 3238 805 3275 nos
845 3239 1003 3291 saepe
1041 3238 1188 3274 casus
1227 3221 1469 3287 consulit.

264 3308 446 3372 Aequo
483 3316 750 3374 potentum
789 3311 1007 3378 imperia
1044 3314 1185 3363 disce
1222 3311 1392 3362 animo
1431 3310 1555 3377 pati.

265 3394 351 3446 Nil
389 3409 548 3461 agere
581 3402 783 3451 temere
818 3416 1027 3468 semper
1064 3406 1146 3453 est
1182 3399 1511 3451 tutissimum.

265 3483 520 3535 Deaublto
559 3490 763 3556 tempus
802 3489 1047 3543 demovet
1083 3505 1169 3542 res
1207 3489 1274 3540 de
1309 3492 1461 3540 statu.

206 3580 417 3629 comoed.
450 3600 547 3629 nov.
1580 3572 1651 3625 52
