2202 3918
300 223 408 274 816
1027 216 1405 270 ΜΕΝΑΝΒΒΙ

446 362 700 413 Homines
739 359 977 427 profecto
1016 364 1261 423 quantum
1300 358 1511 420 habent,
1549 361 1744 409 tantum
1784 357 1971 409 valent.

450 453 596 516 Quae
634 451 695 499 fit
733 449 952 509 silendo,
989 446 1195 514 gravior
1232 446 1489 496 accusatio
1528 451 1624 496 est.

302 541 406 590 660
443 540 674 591 Fortuna
710 555 797 589 res
835 542 914 588 est
950 535 1166 585 maxime
1199 534 1565 586 inscrutabilis.

447 627 686 678 Mortalis
723 628 786 678 ad
825 627 1024 677 senium
1063 640 1228 689 usque
1265 639 1416 690 spera
1453 615 1721 688 quidlibet.

445 720 466 745 *
508 716 565 767 Si
603 732 705 766 non
736 716 1009 766 contineas
1045 714 1293 779 linguam,
1332 712 1545 778 patieris
1582 712 1731 762 mala.

445 804 504 855 ln
543 807 785 855 comitate
823 818 1008 869 magna
1046 802 1120 851 v‘is
1160 806 1240 850 est
1277 800 1491 867 gratiae.

445 894 610 944 Terra
651 908 768 942 esse
805 906 1004 957 pauper
1040 889 1212 939 malim
1253 905 1403 954 quam
1445 889 1590 937 dives
1630 887 1776 937 mari.

305 981 409 1033 665
446 984 525 1034 Ex
561 983 716 1032 rebus
753 978 903 1030 aufer
939 994 1145 1044 capere,
1185 981 1237 1027 et
1274 977 1551 1040 abstuleris
1590 977 1771 1026 malos.

447 1072 565 1121 Vita
601 1069 865 1130 indecens,
901 1067 1109 1117 fortuna
1147 1081 1304 1131 quum
1342 1066 1497 1115 vitam
1535 1065 1746 1115 invidet.
1770 1122 1792 1135 „-

448 1162 470 1188 *
509 1159 684 1208 Homo
719 1157 940 1207 iudicari
979 1172 1041 1205 ex
1078 1155 1400 1220 poenitentia
1438 1159 1627 1218 potest.

446 1247 642 1296 Natura
680 1244 836 1294 donat
873 1260 934 1293 ac
970 1244 1208 1300 resorbet
1246 1242 1438 1291 omnia.

448 1337 660 1385 Amatur
696 1333 903 1399 genitor
941 1332 1022 1382 cui
1059 1347 1153 1397 pro
1192 1330 1267 1379 ira
1305 1328 1580 1396 prudentia
1618 1332 1715 1379 est.

305 1425 410 1475 676
448 1422 688 1474 Mortalis
724 1421 947 1470 irridere
984 1435 1140 1486 parce
1178 1425 1456 1469 mortuum.

446 1513 557 1562 Deo
596 1510 804 1560 volente
841 1509 1051 1575 naviges
1089 1508 1172 1559 vel
1212 1508 1417 1558 vimine.

447 1599 826 1665 Aequalitatem
863 1613 1110 1663 sequere3
1151 1597 1289 1663 quod
1326 1612 1481 1662 supra
1519 1600 1615 1657 est,
1655 1595 1794 1662 fuge.

450 1692 472 1717 *
512 1690 628 1740 Tua
666 1688 910 1754 deputato
950 1687 1232 1737 amicorum
1268 1684 1571 1736 infortunia.

447 1778 665 1830 Morbos
702 1777 768 1826 ad
805 1776 960 1826 animi
997 1775 1197 1825 medica
1234 1774 1371 1823 valet
1409 1773 1590 1822 oratio.

306 1867 411 1921 675
448 1867 699 1933 Spectare
737 1879 909 1915 mores
949 1863 1102 1913 dulce
1139 1868 1403 1912 matronae
1442 1862 1655 1926 probos.

447 1953 682 2008 Validior
718 1952 831 2018 ipsa
871 1951 990 2016 lege
1025 1967 1113 2000 res
1152 1950 1356 2000 occasio
1397 1954 1492 1998 est.

450 2045 530 2097 Ad
567 2057 728 2107 regna
767 2055 974 2105 quoque
1008 2039 1257 2089 vertenda
1295 2037 1433 2087 valet
1469 2035 1690 2086 occasio.

450 2134 640 2200 Specta
679 2128 818 2195 quod
856 2143 1095 2194 aequum,
1134 2144 1235 2178 non
1275 2113 1415 2193 quod
1452 2125 1599 2187 utile,
1636 2124 1889 2176 iudicans.

448 2226 471 2253 *
511 2223 800 2273 Commune
839 2223 919 2268 est
955 2216 1190 2278 fortuna3
1228 2223 1280 2266 at
1315 2217 1516 2282 privum
1557 2218 1636 2265 est
1670 2215 1960 2282 prudentia.

305 2314 410 2364 68⁰
447 2313 543 2363 Est
581 2308 882 2374 crapulantc
919 2306 1102 2356 melior
1136 2306 1181 2355 is
1219 2306 1307 2370 qui
1345 2303 1564 2354 sobrius.

446 2399 541 2450 Vir
574 2397 767 2463 probus
805 2395 1048 2460 idemque
1085 2394 1230 2456 felix,
1270 2393 1535 2460 publicum
1573 2398 1654 2444 est
1691 2393 1900 2444 bonum.

445 2488 679 2537 Honesta
716 2485 883 2533 tennis
921 2485 1025 2533 vita
1060 2499 1185 2549 prae
1223 2483 1330 2531 dite
1367 2498 1428 2532 ac
1465 2481 1614 2531 mala.

445 2574 602 2625 Nulla
639 2572 701 2622 ab
739 2572 946 2621 inimico
984 2572 1141 2621 verba
1180 2569 1337 2620 crede
1375 2570 1646 2620 benevola.

443 2663 582 2714 Mihi
619 2660 1029 2711 benevolentum·
1059 2673 1212 2708 nemo
1250 2672 1464 2707 uxorem
1504 2657 1725 2709 duxerit.

303 2751 407 2803 685
445 2751 670 2802 Ratione
708 2748 1028 2814 subiuganda
1065 2762 1311 2813 praesens
1350 2745 1626 2796 calamitas.

445 2840 569 2890 Mos
603 2843 682 2887 est
719 2837 1015 2887 hominibus
1053 2834 1318 2886 anteferre
1356 2838 1645 2884 extraneos.

448 2928 528 2977 lra
564 2926 801 2992 imperita
840 2930 1006 2975 mater
1043 2929 1123 2974 est
1158 2923 1335 2973 multis
1372 2922 1534 2972 malis.

441 3015 611 3064 Nemo
650 3019 703 3063 et
738 3018 958 3079 repente
996 3013 1139 3062 dives
1179 3017 1232 3060 et
1267 3012 1435 3062 iustus
1472 3009 1590 3060 ruit.

444 3103 571 3153 Mali
610 3101 681 3152 nil
721 3102 963 3173 equidem
1002 3117 1058 3150 es
1097 3115 1296 3167 passus,
1334 3099 1389 3149 ni
1426 3114 1551 3164 prae
1588 3102 1642 3148 te
1674 3097 1830 3150 feras.

300 3194 404 3243 690
443 3190 634 3240 Odiosa
671 3207 894 3255 praecox
931 3203 1137 3255 semper
1174 3194 1252 3239 est
1290 3185 1610 3254 prudentia..

442 3279 678 3329 Prudens
716 3278 794 3327 vir
827 3277 966 3328 omni
1002 3276 1142 3328 haud
1181 3280 1330 3342 aptus
1364 3280 1445 3325 est
1480 3274 1710 3340 negotio.

444 3366 629 3417 Illaesa
666 3366 789 3417 solis
827 3367 931 3417 vita
963 3381 1208 3417 concessa
1245 3368 1324 3414 est
1362 3363 1490 3413 deis.

441 3454 547 3506 Res
585 3453 814 3506 taediosa
851 3453 1026 3506 senior
1061 3454 1114 3506 in
1151 3454 1396 3506 iuvenum
1430 3466 1608 3519 grege.
