2202 3918
219 217 324 271 ³82
1010 218 1279 276 mrum!

216 363 330 426 θος
364 363 477 417 κτλ.
574 368 662 422 νε.
702 368 736 419 8
775 357 1116 433 τούμπορίου
1152 364 1444 435 Schweigh.
1504 366 1603 419 τοῦ
1638 363 1930 437 ἐμπορείου
1965 370 2074 423 ΑΒ.

217 451 317 504 τοῦ
349 450 616 525 ἐμπορίου
653 457 761 509 VL.
801 450 901 503 τοῦ
932 446 1222 519 ’μπορείου
1260 454 1317 505 Ρ.
1376 459 1682 524 Emporium
1720 460 1974 526 intellege
2008 458 2076 508 τό

220 537 450 608 ξενικόν,
487 546 575 596 ubi
610 543 876 611 peregrini
913 549 1258 604 mercaturam
1296 541 1572 596 faciebant.
1648 549 1743 598 Cfr
1779 547 1918 600 infra
1956 546 2077 596 Ζω-
2156 608 2157 613 ¹

217 649 386 700 γραφ.
428 634 467 695 l,
505 635 537 683 9
576 648 687 698 sqq.
761 631 912 684 Adde
959 632 1185 682 Lexicon
1239 633 1464 682 Bekkeri
1511 634 1707 684 Aneed.
1745 650 1823 701 gr.
1862 654 1912 710 p.
1951 635 2111 702 284,ι
2199 682 2202 713 ,1

219 721 286 772 5:
325 714 549 774 Ξενικόν
585 713 881 788 ἐμπόριον,
919 709 1062 770 ὅπου
1098 717 1153 770 οἱ
1191 716 1334 783 ξένοι
1370 717 1792 790 ἐμπορεύονται,
1846 716 2077 774 ἀστικὸν

220 808 277 861 δὲ
325 801 468 861 ὅπου
517 808 570 858 οἱ
620 803 799 859 άστοί.
856 838 926 846 —-
990 808 1079 861 νε.
1119 810 1153 860 4
1192 799 1462 862 Do'braeus
1501 811 1717 863 Adverst.
1755 812 1803 862 11
1842 829 1892 878 p.
1931 812 2075 863 3⁰5:

219 896 354 968 πρὸς
391 896 479 966 σέ;
516 895 585 948 Β.
628 896 730 947 τοῦ
765 893 1050 966 μαγείρου,
1089 905 1142 949 et
1178 916 1250 950 vs.
1275 899 1309 950 5
1347 893 1530 962 αὑτηί,
1568 894 1756 969 πάτερ.
1831 902 1958 952 Meo
1995 902 2078 953 iu-

219 990 357 1042 dicio
395 989 527 1040 nihil
564 989 858 1040 novandum
909 994 987 1038 est
1034 988 1133 1039 nisi
1182 1004 1257 1039 vs.
1298 988 1333 1038 5
1388 985 1506 1038 ἐστὶ
1552 981 1757 1051 ταύτης
1795 1006 1889 1057 pro
1927 986 2080 1039 ἐστὶν

217 1072 406 1140 αὐτῆς.
478 1106 549 1117 -·
621 1077 709 1130 νε.
747 1079 782 1128 8
829 1079 882 1150 Β,
921 1086 1045 1129 ante
1092 1070 1265 1136 εὐθὺς
1304 1078 1462 1129 habet
1513 1073 1716 1138 αὐτοῖς.
1794 1079 2078 1146 Sequentia

216 1162 329 1218 άπὸ
382 1161 603 1234 θερμοῦ
651 1161 753 1226 τὴν
802 1161 1049 1232 μεγάλην
1108 1159 1325 1215 σπάσαι
1391 1173 1491 1218 etc.
1551 1167 1820 1217 difficilem
1887 1168 2079 1219 habent

215 1258 543 1324 explicatum.
635 1257 715 1307 Ad
771 1251 990 1322 θερμοῦ
1039 1260 1127 1305 aut
1165 1251 1346 1318 ζωμοῦ
1381 1255 1695 1322 intellegunt
1731 1261 1820 1306 aut
1858 1244 2078 1317 ὕδατος,
2166 1247 2177 1293 ἶ

214 1328 345 1398 illud
384 1346 450 1395 de
490 1346 604 1395 iure
640 1343 947 1408 fervefacto,
986 1345 1206 1394 alterum
1247 1343 1314 1394 de
1350 1359 1480 1409 aqua
1516 1346 1938 1411 interpretante8‚
1977 1360 2078 1411 qua
2160 1359 2170 1422 Ξ

217 1436 466 1487 convivae
513 1440 635 1485 ante
683 1451 900 1485 coenam
950 1450 1131 1484 manus
1177 1434 1431 1484 lavabant.
1508 1436 1585 1506 A‘?
1631 1433 1890 1500 tepefacta
1943 1449 2076 1498 aqua

215 1524 281 1575 ad
318 1524 458 1574 hune
494 1524 652 1573 finem
693 1527 897 1574 veteres
934 1539 1056 1573 usos
1095 1539 1213 1574 esse
1251 1528 1452 1574 constat
1484 1539 1551 1572 ex
1591 1523 1877 1572 Philoxeno
1909 1523 2076 1574 Athe-

130 1658 136 1661 .
215 1613 333 1664 naei
360 1613 426 1662 lX
449 1614 704 1678 p.409e:
738 1610 1143 1679 χλιεροθαλπὲς
1178 1601 1324 1676 ὕδωρ
1361 1608 1715 1676 ἐπεγχέοντες.
1792 1610 1898 1661 Sed
1936 1611 2078 1661 aliud

191 1705 296 1754 *est
332 1693 567 1767 θερμόν,
594 1701 883 1766 fervidum,
921 1702 1059 1751 aliud
1078 1692 1328 1768 χλιαρόν,
1365 1700 1618 1767 tepidum.
1699 1699 1874 1749 Minus
1914 1699 2093 1750 etiams

216 1791 360 1857 prior
397 1790 667 1857 explicatio
709 1791 916 1855 probari
956 1795 1144 1855 potest.
1221 1791 1479 1854 Quantum
1534 1804 1630 1852 ego
1681 1788 1861 1849 video,
1914 1788 2072 1839 verba
2154 1840 2173 1859 v,

214 1873 327 1928 άπὸ
367 1874 587 1946 θερμοῦ
622 1879 674 1931 in
715 1886 895 1929 nostro
934 1879 1050 1930 loco
1090 1883 1156 1929 de
1186 1878 1365 1929 caldae
1404 1878 1687 1927 sorbitione
1725 1877 2076 1942 intellegenda
2153 1853 2174 1934 ἒ

214 1975 352 2018 sunt.
439 1967 626 2017 Pollux
666 1966 738 2016 IX
774 1967 877 2017 70:
927 1962 1014 2015 τὸ,
1043 1960 1194 2032 παρὰ
1238 1958 1517 2031 Φιλήμονι
1564 1961 1816 2031 ,,χαλκοῦ
1858 1961 2114 2030 θερμὸν·
2159 1983 2161 1989 ·

213 2042 332 2118 ἦν”
373 2048 631 2121 ἄντικρυς
670 2052 835 2116 δηλοῖ
865 2052 965 2116 τὴν
1003 2051 1102 2103 τοῦ
1139 2050 1359 2121 θερμοῦ
1396 2048 1578 2104 πόσιν.
1637 2053 1731 2103 Cfr
1755 2053 2076 2104 Fritzschius
2151 2091 2165 2122 9

212 2146 280 2196 ad
318 2144 583 2211 Aristoph.
624 2144 840 2195 Thesm.
880 2161 929 2210 p.
968 2143 1092 2196 597.
1177 2143 1259 2195 Ad
1309 2137 1411 2204 τήν
1447 2135 1691 2209 μεγάλην
1740 2147 1912 2192 autem
1952 2144 2076 2192 sub·-
2159 2172 2163 2194 ι

215 2235 468 2300 intellego
505 2227 715 2293 κύλικα,
753 2241 808 2283 ut
846 2233 983 2300 apud
1021 2233 1336 2284 Machonem
1359 2232 1616 2283 Athenaei
1652 2231 1777 2281 Xlll
1817 2248 1868 2297 p.
1888 2231 2076 2282 583h=
2155 2244 2160 2291 j

215 2318 347 2372 ἀλλ’
385 2316 618 2389 ἐγχεάτω
655 2337 752 2388 μοι
790 2319 1054 2387 τέτταρας
1088 2316 1321 2379 κοτύλας
1359 2315 1530 2370 ἔπειτ’
1566 2311 1641 2379 εἰς
1680 2315 1779 2381 τὴν
1815 2312 2076 2385 μεγάλην,

214 2417 268 2463 et
306 2412 443 2479 apud
465 2411 809 2462 Menandrum
843 2410 1021 2460 Chalc.
1048 2409 1095 2459 ll
1133 2411 1166 2458 2
1204 2403 1380 2472 ἐβόων
1417 2405 1519 2470 τὴν
1554 2403 1816 2474 μεγάλην,
1856 2409 2075 2474 aliisque
2157 2402 2163 2433 7

215 2500 361 2551 locis,
436 2501 512 2550 Ac
550 2499 616 2549 de
653 2505 778 2565 potu
817 2498 900 2565 agi
939 2499 1094 2549 etiam
1131 2498 1347 2549 verbum
1385 2489 1601 2547 σπάσαι
1636 2498 1897 2558 ostendit,
1935 2496 2075 2562 quod

214 2589 347 2639 male
386 2588 451 2638 ad
490 2583 750 2654 σίλουρον
788 2587 1038 2638 transfert
1077 2587 1317 2649 Grotius,
1368 2588 1454 2653 qui
1501 2587 1656 2637 vertit
1692 2586 1820 2635 dato
1856 2584 2076 2635 silurum
2142 2623 2150 2636 .

214 2678 616 2745 discerpendum
646 2672 911 2744 protinus,
997 2677 1280 2742 Sequentia
1330 2685 1502 2726 autem
1542 2674 1802 2740 quomodo
1843 2690 1959 2724 cum
1993 2674 2074 2726 his

218 2767 465 2833 coniungi
505 2767 703 2832 possint
742 2766 873 2816 adeo
915 2782 1018 2816 non
1055 2766 1324 2832 intellego,
1364 2773 1420 2815 ut
1457 2773 1575 2831 post
1612 2782 1686 2816 vs.
1723 2765 1759 2813 8
1797 2777 1954 2813 unum
1991 2763 2074 2813 vel
2151 2829 2156 2839 Β

220 2856 325 2904 duo
365 2871 546 2905 versus
587 2855 844 2905 excidisse
880 2855 1134 2920 suspicer.
1209 2855 1312 2903 Pro
1351 2847 1622 2915 ἀποζέσας
1659 2855 1700 2904 C
1739 2852 1898 2903 habet
1933 2843 2074 2900 άπο-
2159 2885 2161 2914 :

213 2938 424 3006 ζεύξας,
476 2959 570 3008 pro
618 2940 841 3006 λεβίαν,
909 2943 976 2993 de
1026 2958 1131 3008 quo
1178 2943 1324 3008 pisce
1371 2944 1520 2994 attuli
1569 2943 1816 3008 quaedam
1855 2941 1956 2992 vol.
1999 2942 2072 2993 111
2157 2990 2159 3004 ζ

214 3051 266 3101 p.
303 3033 427 3094 573,
467 3049 528 3082 ex
563 3033 604 3083 Β
646 3038 912 3083 enotatum
951 3039 1030 3081 est
1066 3025 1313 3095 λεσβίαν.
1390 3060 1440 3068 -
1518 3031 1604 3083 νε.
1645 3032 1711 3080 10
1743 3029 1930 3099 χαριεῖ
1959 3031 2070 3083 ΑΡ.
2155 3073 2158 3101 ,

209 3117 375 3191 χαριῇ
417 3121 522 3171 VL.
577 3117 847 3186 μυρρίνην
884 3123 943 3172 C.
999 3114 1237 3188 μυρίνην
1275 3122 1334 3170 Β.
1408 3151 1477 3161 --
1553 3121 1640 3172 νε.
1682 3120 1748 3171 12
1787 3114 2073 3180 σπόδησον
2154 3176 2155 3179 ¹

219 3210 522 3262 Dindorflus
558 3225 653 3274 pro
693 3206 1086 3279 vulgato.‘po'i‘q1
1115 3204 1330 3261 δεῦσον.
1372 3205 1546 3275 σᾳοίη
1569 3211 1674 3260 ΑΒ.
1714 3204 1897 3276 σᾳοΐω
1918 3206 2072 3260 PVL.

217 3296 415 3349 ὸεῦσον
439 3297 544 3348 VL.
583 3293 761 3360 δεῖξον
779 3300 934 3350 ΑΟΡ.
971 3313 1074 3364 σφι
1113 3293 1312 3346 δεῦσον
1342 3313 1460 3348 eum
1481 3298 1785 3350 casaubono
1807 3275 2071 3362 Schweig-

216 3390 519 3441 haeuseruS.
594 3386 785 3438 Verte:
824 3387 1148 3437 absinthium
1184 3388 1444 3454 insperge.
1521 3386 1623 3436 Pro
1663 3378 1923 3454 ἀψινθίῳ
1961 3385 2070 3435 for-

217 3483 355 3530 tasse
389 3467 681 3543 άσπινθίῳ
729 3476 1010 3542 scripserat
1046 3475 1302 3544 Diphilus.
1374 3474 1602 3541 Etymol.
1637 3473 1714 3525 Μ.
1752 3489 1802 3541 p.
1844 3474 1950 3525 183
1983 3474 2070 3526 25.
