2202 3918
666 143 997 199 FABULAE
1041 141 1421 198 INCERTAE.

1013 286 1080 338 ΙΙ.

123 375 200 426 Ita
236 378 317 424 est
350 372 590 424 miseriae
627 373 910 440 ingenium,
949 380 1007 425 ut
1045 375 1158 425 vice
1194 373 1260 425 sit
1295 373 1472 436 gaudii

118 477 233 513 cnm
269 462 541 515 lamentari
579 462 717 530 apud
754 462 937 514 eadem
974 462 1234 532 patientes
1274 460 1414 511 iicet.

654 622 1436 679 ΠΑΙΔΙΟΝ.

1027 736 1067 789 Ι.

117 826 234 877 Non
272 825 430 877 debet
464 825 665 878 animus
701 825 1018 893 desponderi
1056 826 1109 877 in
1148 824 1388 887 miseriis,

10 954 13 966 ,
114 915 207 967 sed
245 915 590 980 exspectanda
626 921 747 966 sunt
778 915 996 966 meliora
1031 915 1085 964 in
1128 920 1415 980 posterum.

1003 1019 1074 1071 11.

10 1167 11 1170 Ἴ
112 1109 188 1160 Ut
224 1107 377 1161 miles
413 1106 583 1160 factus
619 1108 791 1159 subito
831 1124 895 1160 ex
930 1108 1145 1160 homine
1178 1115 1237 1159 ‘es
1275 1106 1469 1159 libero!

656 1315 985 1369 FABULAE
1026 1315 1096 1368 IN
1103 1316 1410 1371 CERTAE.

1019 1425 1058 1475 Ι.

10 1488 12 1491 v
108 1514 407 1566 Orationem
442 1511 531 1578 qui
568 1510 727 1575 audit,
766 1518 822 1563 nt
859 1512 995 1564 bene
1032 1513 1246 1576 iudicet,

104 1603 250 1669 prius
283 1602 397 1668 ipse
434 1588 619 1652 secum‘
644 1602 711 1653 de
749 1607 958 1653 oratore
995 1602 1209 1664 indicet,

104 1691 219 1757 quis
255 1690 340 1754 sit,
379 1690 580 1754 cuiatis,
619 1707 720 1757 qua
757 1691 934 1754 domo,
969 1692 1156 1757 qualis,
1195 1692 1382 1757 quibus

101 1778 308 1846 puertia
345 1779 577 1846 abusque
609 1780 794 1831 studiis
833 1795 948 1830 esse
984 1780 1257 1831 addixerit.

100 1883 218 1919 nam
254 1867 343 1933 qui
377 1883 528 1919 snum
565 1870 681 1934 ipse
719 1868 903 1918 florem
941 1869 1126 1921 aetatis
1165 1869 1411 1936 prodidit,

101 1954 332 2023 apprime
370 1962 450 2006 est
486 1962 635 2024 aptus
670 1956 930 2009 civitatem
968 1964 1229 2009 evertere.

100 2058 205 2095 non
239 2042 316 2094 illi
354 2048 507 2112 turpe
545 2045 786 2097 excidere
824 2053 877 2097 et
914 2047 1121 2112 explodi
1159 2052 1358 2114 putant.

99 2131 230 2183 nihil
262 2132 558 2199 relinquunt
592 2135 923 2198 intentatum,
961 2151 1079 2186 cum
1117 2135 1288 2203 pudor

11 2243 13 2290 3
97 2220 298 2288 poatIco
337 2222 542 2289 elapsus
579 2223 781 2289 pridem
819 2224 883 2274 ab
921 2224 1047 2290 ipsis
1084 2219 1294 2291 fugerit.

94 2308 281 2362 horum
314 2310 532 2378 quisque
567 2312 728 2364 audet
765 2313 1134 2379 experiturque
1171 2312 1360 2376 omnia,

93 2404 271 2451 contra
303 2400 548 2451 ruborem
586 2400 774 2453 frontis
809 2401 1194 2454 invictissimae.

91 2486 326 2552 mendax,
362 2491 603 2556 periurus
640 2492 806 2553 testis,
844 2498 1015 2542 sartor
1050 2492 1238 2555 litium,

87 2576 176 2629 t’ur
212 2578 535 2646 publicanus,
574 2586 911 2644 comessator,
949 2581 1176 2647 denique

88 2665 277 2719 tribum
314 2667 558 2720 cinaedus
596 2667 788 2736 perdit,
826 2676 915 2720 ant
951 2671 1135 2722 urbem
1174 2684 1400 2737 quoque.

88 2768 205 2806 nam
241 2756 396 2808 urbes
432 2764 583 2821 totas,
620 2760 719 2809 ista
755 2774 883 2823 quas
921 2774 1133 2826 pessum
1172 2759 1316 2810 dedit

88 2841 307 2907 scabiea,
339 2845 383 2897 ai
419 2847 676 2910 advortas,
709 2848 925 2899 recitem
964 2839 1042 2899 t'ot
1080 2863 1316 2910 numero,
1357 2847 1567 2912 Theon,

86 2930 308 2985 recitare
345 2942 402 2986 ut
437 2952 650 2989 censum
690 2938 896 2989 navium
935 2954 1021 2990 me
1058 2938 1341 2989 existimes.

82 3129 250 3180 Amici
287 3128 331 3180 ai
368 3130 483 3195 quia
518 3129 675 3183 fuerit
711 3133 978 3200 ingressus
1015 3134 1243 3197 domum,

80 3214 127 3268 is
163 3217 206 3267 ai
244 3231 306 3268 ex
343 3217 513 3271 animo
550 3227 629 3271 est
667 3222 879 3283 amicus,
915 3223 1081 3289 signa,
1117 3222 1411 3289 Nicophon,

78 3310 331 3370 apparent
366 3305 587 3371 primum
626 3309 941 3375 simulatque
977 3309 1209 3377 attigerit
1245 3310 1406 3376 fores,

77 3394 220 3444 vultu
261 3394 427 3445 adstat
464 3393 615 3448 hilari
653 3396 871 3449 ianitor:
909 3397 1084 3450 adulat
1122 3399 1264 3453 cania

1863 146 1973 205 sn
2071 127 2074 130 ’
