2202 3918
245 197 276 229 x
960 166 1386 223 PRAEFATIO.

408 315 478 375 ln
535 311 800 393 margine
858 306 1107 371 Stobaei
1174 306 1235 367 hi
1289 325 1507 367 versus
1565 306 1902 369 tribuuntur
1956 307 2088 367 Eu-

245 412 446 499 ripidi,
502 414 671 477 cuius
718 413 1107 491 fragmentum
1162 427 1243 468 ex
1290 406 1594 481 Oenomao
1651 409 1920 490 proxime
1977 429 2091 473 an-

243 516 488 580 tecedit.
610 514 745 575 Eos
825 512 1054 572 incerto
1149 527 1342 570 novae
1429 508 1773 572 comoediae
1862 510 2092 573 auctori

245 618 523 700 assignat
568 611 968 687 GaisforduS,
1027 609 1202 672 cuius
1244 608 1446 670 iudicii
1489 609 1645 670 hanc
1691 611 1899 693 o'pinor
1944 632 2095 673 cau-

246 741 374 783 sam
443 715 679 791 habuit,
758 713 914 795 quod
983 733 1175 793 neque
1228 712 1290 773 in
1349 719 1610 792 βούλεται
1666 719 1832 774 recte
1897 705 2138 774 ultima*

247 821 484 905 syllaba
549 816 788 880 eliditur
866 820 928 876 et
991 815 1151 876 tertii
1204 834 1425 876 versus
1483 813 1708 875 numeri
1761 819 2100 897 repugnant

249 922 376 1003 legi
400 919 829 982 Porsonianae.
873 916 960 977 At
984 917 1152 1000 prius
1190 916 1336 977 illud
1377 914 1686 978 lealssima
1726 916 2098 978 correctione

249 1041 558 1085 removere
600 1019 743 1083 licet
793 1019 878 1080 ita
934 1024 997 1079 ut
1039 1025 1140 1080 aut
1177 1026 1435 1100 βούλεται
1471 1029 1706 1095 θνητῶν
1752 1025 1854 1079 aut
1905 1025 2102 1098 βούλε-

249 1154 342 1188 ται
395 1133 613 1206 βροτῶν
656 1121 984 1197 scribatur,
1039 1141 1191 1201 quae
1246 1121 1543 1201 aliquanto
1595 1120 1952 1203 probabilior
2003 1127 2101 1182 est

250 1226 406 1289 ratio
446 1246 519 1288 ea
561 1246 731 1306 quam
774 1222 1108 1285 Elmsleius
1153 1221 1566 1304 adEuripidis
1597 1221 1761 1283 Med.
1784 1220 1909 1282 548
1952 1221 2099 1300 iniit,

249 1340 344 1393 καὶ
380 1338 491 1402 πᾶς
526 1357 609 1401 τις
645 1331 720 1401 εἰς
758 1332 818 1391 σ’
859 1333 1073 1407 ἑτοῖμος
1108 1331 1434 1406 ἀνθρώπων
1467 1335 1670 1405 μολεῖν.
1718 1322 1822 1385 Ad
1853 1323 2100 1386 alterum

249 1436 446 1493 autem
531 1428 687 1511 quod
768 1427 1010 1505 attinet,
1058 1426 1454 1513 [Gaisfordus
1529 1426 1718 1509 ipsam
1784 1425 2099 1489 dictionem

246 1543 613 1615 μεταμέλειαν
658 1538 967 1613 λαμβάνειν
1016 1534 1377 1611 suspectare
1433 1527 1718 1605 debebat,
1784 1549 1900 1609 qua
1965 1528 2098 1609 quis

248 1655 500 1716 unquam
538 1655 687 1697 usus
730 1640 828 1696 est
872 1633 949 1694 de
992 1651 1269 1713 eoquem
1316 1630 1568 1692 alicuius
1612 1631 1700 1692 rei
1727 1629 2099 1714 poeniteret?

246 1738 335 1798 At
379 1737 657 1799 facillima
697 1737 759 1797 in
803 1741 1073 1819 promptu
1117 1740 1215 1796 est
1258 1733 1487 1795 medela
1521 1732 1699 1794 haec:

502 1852 691 1923 λαβών
729 1855 787 1906 δὲ·
826 1855 1036 1924 πεῖραν,
1073 1851 1402 1921 μεταμέλεια
1429 1833 1731 1920 ’λαμβάνω

255 1966 389 2040 Qua
433 1969 733 2025 structura
776 1960 952 2024 etiam
996 1960 1145 2022 alias
1176 1958 1496 2042 Euripides
1536 1978 1684 2020 usus
1719 1963 1837 2033 est,
1880 1977 1932 2018 e.
1960 1977 2013 2019 c.
2042 1957 2099 2018 in

253 2068 589 2148 fragmento
634 2065 790 2148 apud
836 2063 1218 2125 Plutarchum
1263 2061 1340 2123 de
1381 2061 1620 2123 Garrul.
1666 2082 1722 2142 p.
1766 2059 1893 2121 507
1920 2061 1981 2121 b:

504 2159 727 2252 Μικροῦ
763 2179 872 2251 γὰρ
911 2180 966 2233 ἐκ
1004 2178 1326 2248 λαμπτῆρος
1359 2177 1573 2231 Ἰδαῖον
1610 2178 1779 2239 λέπας

503 2265 761 2340 πρήσειεν
798 2265 871 2320 ἄν
909 2287 1014 2333 τις,
1051 2269 1144 2320 καὶ
1182 2265 1317 2349 πρὸς
1355 2263 1520 2338 ἄνδρ’
1558 2259 1726 2319 εἰπών
1759 2263 1872 2328 ἕνα,

502 2354 771 2411 πύθοιντ’
812 2352 884 2410 ἂν
921 2354 1086 2411 ἀστοὶ
1123 2352 1342 2418 πάντες.

249 2483 646 2565 Thucydides
670 2485 728 2545 Π
774 2484 985 2549 683,οἱ
1023 2492 1080 2544 δ’
1117 2491 1458 2565 Ἀμφίλοχοι
1481 2491 1776 2561 γενομένου
1801 2486 1997 2544 τούτου
2022 2491 2103 2544 διε-

249 2580 449 2636 ὂόασιν
471 2581 696 2647 ἑαυτοὺς
708 2581 1016 2655 Ἀκαρνᾶσι,
1036 2585 1129 2636 καὶ
1157 2581 1782 2653 προσπαρακαλέσαντες
1798 2577 2105 2654 ἀμφότεροι

243 2682 629 2750 Ἀθηναίους,
670 2682 727 2739 οἳ
785 2676 949 2756 (leg.
999 2686 1053 2739 οἱ
1093 2682 1149 2737 δ’
1211 2674 1248 2734 i.
1286 2694 1338 2734 e.
1383 2680 1511 2734 tum
1552 2691 1701 2731 vero
1746 2672 1849 2749 hi)
1915 2679 2102 2746 αὐτοῖς

257 2771 566 2843 Φορμίωνα
631 2794 687 2825 τε
745 2775 1056 2846 στρατηγὸν
1118 2772 1377 2844 ἔπεμψαν
1439 2773 1543 2824 καὶ
1602 2771 1735 2833 ναῦς
1789 2766 2102 2840 τριάκοντα.

207 2853 213 2855 i
252 2864 566 2945 Aristoph.
610 2865 766 2946 apud
814 2867 1042 2928 Polluc.
1089 2865 1210 2926 Vll
1256 2865 1367 2925 67:
1415 2874 1476 2927 τὸ
1510 2869 1776 2944 στρόφιον
1809 2874 2001 2939 λυθέν,
2032 2873 2100 2927 τά

255 2973 433 3047 κάρνα
471 2975 878 3045 μούιιξέπιπτεν.
955 2967 1174 3050 Incerti
1231 2965 1493 3027 auctoris
1550 2985 1767 3025 versus
1822 2965 2022 3026 editus
2065 2988 2101 3026 a

254 3068 529 3128 Prellero
574 3068 648 3128 de
692 3069 915 3129 Polem.
954 3090 1009 3149 p.
1038 3068 1195 3128 151:
1242 3080 1335 3138 ἕνα
1362 3075 1534 3130 λίθον
1559 3073 1717 3146 ἄρας,
1756 3075 1931 3131 πένθ’
1955 3076 2099 3143 ὑπῆ-

249 3201 359 3238 σαν
408 3179 678 3252 σκορπίοι.
763 3170 954 3230 Porro
997 3182 1326 3247 μεταμέλεια
1365 3177 1639 3248 λαμβάνει
1674 3176 1841 3230 verte
1877 3169 2097 3249 poeni-

251 3274 443 3335 tentia
488 3271 746 3351 inyruit,
793 3270 1104 3331 adventat.
1164 3272 1295 3346 Quo
1341 3291 1526 3332 sensu
1570 3271 1688 3331 etsi
1733 3270 2099 3352 frequentius

247 3377 462 3440 dicitnr
504 3379 977 3454 καταλαμβάνειν,
1035 3379 1226 3434 tamen
1284 3392 1397 3434 nec
1456 3372 1703 3435 alterum
1760 3373 2100 3435 inusitatum

2196 3322 2202 3355 J
