2202 3918
246 174 361 225 300-
891 200 894 202 -
977 170 1364 226 mmm-&Nom

1070 309 1298 363 CCGIX.

631 412 801 469 Ἀλλ’
841 409 1057 478 ἀλαζών
1092 413 1187 465 καὶ
1224 414 1446 467 θεοῖσιν
1479 410 1699 484 ἐχθρός.

384 533 670 586 Scholiasta
720 522 984 598 Arist'oph.
1038 531 1171 582 Rau.
1210 527 1343 579 282:
1390 522 1781 589 ἠλαζονεύετοά
1839 525 1926 577 ντὶ
1985 522 2093 576 τοῦ

243 616 523 691 ἐψεύδετο.
593 619 688 672 καὶ
727 616 1055 687 Μένανδρος
1086 610 1259 668 Ἀλλ’
1296 608 1512 679 άλαζών
1546 612 1660 666 κτλ.

1074 752 1272 804 CCCX-

710 854 1020 928 Τραγῳδῶν
1057 842 1126 920 ἦν
1164 851 1317 924 άγών
1354 850 1640 907 Διονύσια.
1708 876 1710 879 ·

380 975 673 1027 Scholiasta
710 971 976 1039 Aristoph.
1013 971 1236 1025 Acharn.
1274 971 1409 1022 2⁰1:
1458 964 1490 1022 6
1526 968 1619 1021 ἐπὶ
1652 964 1884 1040 Ληναίῳ
1935 964 2087 1036 ἀγών

242 1061 476 1114 τελεῖται
510 1060 586 1135 τῷ
621 1054 885 1142 Διονύσῳ.
924 1090 1026 1098 --—
1100 1055 1432 1128 Μένανδρος
1486 1047 1896 1131 Τραγῳδὸς“ἦν
1935 1053 2088 1127 ἀγών

241 1146 526 1205 Διονύσια.
598 1152 766 1203 Recte
803 1149 1102 1201 Dindorfius
1137 1144 1454 1218 τραγῳδῶν.

1053 1287 1277 1340 cccxl.

377 1399 564 1452 Suidas
602 1397 652 1450 11
689 1415 740 1465 p.
779 1396 878 1447 31:
923 1386 1024 1454 εἰς
1059 1388 1326 1463 ἀγοράν
1361 1388 1728 1463 ὑφαίνειν,
1773 1387 1838 1445 τὸ
1873 1386 1950 1455 ἐἰς
1984 1388 2088 1455 τὴν

238 1481 449 1556 ἀγοράν
496 1483 741 1555 ἐκφέρειν
773 1479 854 1534 ’τὰ
899 1476 1268 1551 ὑφαινόμενα.
1339 1473 1485 1534 οὕτω
1531 1480 1878 1553 Μένανδρος.
1950 1481 2088 1538 Vide

240 1578 365 1630 edit.
402 1576 520 1629 mai.

956 1690 958 1692 ,
1039 1644 1289 1696 cccxu.

495 1744 609 1818 Οὐχ
645 1745 676 1800 6
711 1742 982 1819 τρόφιμός
1020 1765 1124 1801 σου
1161 1745 1295 1818 πρὸς
1331 1744 1502 1812 θεων,
1534 1740 1822 1817 Ὀνὴσιμε,

487 1851 519 1908 6
555 1853 655 1906 νῦν
691 1850 828 1924 ἔχων
860 1849 1233 1924 Ἀβροτόνιον
1268 1851 1371 1917 τὴν
1405 1848 1688 1972 ψάλτριαν

488 1955 652 2030 ε”γημ
693 1957 948 2029 ἕςναγχος
981 1959 1052 2013 B.
1091 1956 1239 2013 πάνυ
1273 1940 1375 2029 μὲν
1412 1975 1529 2014 ουν.

379 2079 674 2148 Scholiasta
711 2079 926 2129 Aristot.
964 2093 1015 2143 p.
1054 2078 1124 2127 93
1162 2078 1261 2127 13.
1310 2071 1385 2146 τῷ
1432 2074 1535 2142 μὲν
1568 2071 1954 2148 ἕρωτηματικῷ
1987 2094 2086 2128 τα-
2088 2139 2091 2143 .

232 2166 356 2237 χεῖα
413 2165 602 2218 ἕπεται
648 2159 683 2228 ἡ
723 2158 1036 2267 ἀπόκρισις,
1082 2159 1156 2225 ὥς
1199 2159 1352 2233 παρὰ
1391 2159 1702 2235 Μενάνδρῳ
1746 2160 1859 2234 Οὐχ
1894 2161 1925 2217 6
1959 2162 2087 2236 τρό..

236 2273 490 2327 φιμος-
513 2250 755 2320 ἔναγχος.
793 2249 928 2320 πρὸς
961 2245 997 2302 6
1015 2252 1206 2320 ταχεῖα
1240 2248 1275 2316 ἡ
1313 2246 1602 2322 ἀπόκρισις
1635 2246 1887 2316 εἰπόντος
1913 2249 2084 2306 Πάνυ

237 2346 340 2414 μὲν
396 2340 512 2394 οὐν.
611 2343 787 2393 Primo
846 2357 1002 2393 versu
1058 2343 1240 2410 scripsi
1289 2335 1559 2409 ’Θνήσιμε
1614 2361 1710 2410 pro
1761 2337 2083 2415 ’Θνήσιμοςι

237 2435 324 2486 Sic
376 2434 512 2484 enim
558 2436 703 2481 recte
755 2430 1002 2482 exhibent
1036 2432 1302 2482 Rhetores
1338 2432 1525 2482 Walzii
1561 2430 1665 2483 vol.
1701 2434 1752 2483 11
1788 2451 1839 2500 p.
1874 2436 1978 2484 289
2030 2440 2084 2486 ct

235 2520 334 2574 vu
372 2522 493 2572 496.
543 2519 631 2569 ubi
679 2519 769 2568 illc
816 2519 1006 2569 omisso
1063 2521 1287 2571 auctoris
1323 2521 1532 2571 nomine
1567 2520 1770 2572 citatur.
1843 2521 2086 2574 Eundem

236 2609 448 2677 respicit
483 2608 706 2659 fortasse
743 2607 904 2658 schol.
941 2608 1182 2659 Aristidis
1218 2625 1270 2674 p.
1309 2595 1385 2660 53
1415 2609 1598 2664 Dind.:
1644 2600 1744 2658 δύο
1790 2592 1891 2667 οὗν
1925 2603 1959 2670 ἡ
1996 2606 2082 2659 λε’-

237 2695 318 2762 ξις
354 2690 699 2766 (τρόφιμος)
741 2691 1027 2766 σημαίνει,
1075 2695 1170 2745 καὶ
1219 2691 1317 2746 τὸν
1351 2695 1657 2765 θρέψαντα
1692 2694 1787 2746 καὶ
1818 2691 1914 2757 τὸν
1948 2712 2081 2764 τρα-

237 2784 430 2854 φέντα.
502 2782 807 2852 θρέψαντα
854 2780 952 2834 τὸν
989 2778 1281 2845 δεσπότην,
1327 2778 1400 2843 ὥς
1447 2780 1600 2855 παρὰ
1637 2778 1966 2855 Μενάνδρῳ.
2010 2798 2079 2832 -’..

237 2876 330 2927 Vs.
366 2877 400 2926 2
449 2874 564 2924 cod.
596 2866 963 2941 Ἀβρότονον.
1044 2873 1125 2925 Ad
1164 2890 1236 2924 vs.
1275 2874 1309 2923 3
1347 2875 1560 2941 respicit
1594 2875 1871 2939 scholiasta
1907 2856 2078 2942 Apoll.

236 2965 344 3035 Rh,
384 2963 461 3015 111
497 2963 630 3013 294:
677 2957 740 3011 τὸ
778 2956 902 3029 ἄγχι
940 2955 1067 3011 άντὶ
1104 2959 1204 3012 τοῦ
1241 2956 1415 3028 ἐγγύς.
1488 2958 1717 3013 τίθεται
1761 2960 1819 3012 δὲ
1856 2962 1952 3012 καὶ
1986 2960 2081 3014 ἐπὶ

232 3047 451 3120 χρόνου.
491 3048 819 3117 Μένανδρος
845 3045 1094 3117 ’Έγημεν
1128 3045 1371 3117 ἔναγχος.
1422 3044 1550 3101 ἀντὶ
1585 3048 1685 3103 τοῦ
1717 3047 1832 3101 νῦν.
1880 3044 1916 3111 ἦ
1952 3046 2080 3116 ἀντὶ

237 3135 338 3192 τοῦ
372 3136 592 3207 ταχέως.
641 3141 747 3193 Ubi
786 3140 1031 3194 Valckcn.
1067 3140 1132 3192 ad
1171 3140 1367 3192 Phoen.
1408 3158 1458 3209 p.
1507 3143 1613 3193 212
1634 3142 1684 3193 b.
1721 3134 1918 3207 ἔγημεν
1952 3134 2079 3208 ἄγχι

236 3230 486 3285 tentabat.

1026 3300 1305 3354 cccxln.

382 3407 565 3459 Strabo
604 3406 725 3462 xlv
764 3424 813 3473 p.
850 3407 982 3458 637:
1023 3403 1150 3468 τούς
1188 3401 1547 3465 ἐπαινοῦντας
1585 3401 1712 3470 (τὴν
1747 3398 1966 3473 Σάμον)
2003 3401 2078 3474 μὴ
