2202 3918
262 190 368 242 560
645 190 1084 245 ATHENIONlS
1123 184 1714 241 ΣΑΜΟΘΡΑιΚΕΣ.

264 333 368 382 Sed
409 347 467 382 ex
509 331 989 400 Schweighaeuseri
1029 334 1228 383 ratione
1269 348 1368 382 non
1408 338 1577 393 recte,
1626 337 1682 382 ut
1733 331 1858 382 mihi
1896 333 2104 399 quidem

262 420 480 481 videtur,
541 421 922 486 coniunguntur
961 420 1090 470 haec
1127 416 1233 468 τῶν
1272 415 1427 486 ἱερῶν
1465 417 1851 489 γεγραμμένων
1874 415 1958 490 τὰ,
1995 414 2104 470 πά-

260 523 384 573 τρια
424 504 833 576 διατηροῦντες,
883 523 1100 573 quorum
1139 508 1183 557 si
1230 508 1296 568 is,
1345 521 1496 571 quem
1543 507 1632 556 ille
1683 492 2104 570 voluit‚l²{ensus

262 602 428 646 esset:
479 600 689 664 patrios
738 600 874 647 ritus
920 598 1367 663 praescriptorum
1417 597 1799 660 sacrificiorum
1845 602 2103 657 tenentes,

244 686 431 739 ,nescio
471 701 533 736 an
572 687 776 737 inverso
818 686 1093 735 verborum
1132 685 1314 735 ordine
1366 679 1474 731 τῶν
1523 681 1910 750 γεγραμμένων
1947 681 2103 753 ἱερῶν
2159 669 2167 683 λ

260 772 533 823 dicendum
571 773 773 824 fuisset.
813 774 991 839 ltaque
1013 772 1232 824 fortasse
1253 769 1598 838 γεγραμμένα
1620 772 1948 822 scribendum
1982 788 2101 824 cum

259 860 459 910 Grotio.
501 892 566 901 —-
595 863 680 913 Vs,
701 862 770 912 25
808 857 868 910 τό
910 859 1393 928 προσφιλοτεχνεῖν
1431 867 1531 911 etc.
1568 860 2100 926 Schweighaeuserus

256 948 375 998 ideo
415 949 612 999 adiecta
651 966 766 1001 esse
803 951 1088 1012 existimat,
1135 955 1192 1000 ut
1237 950 1338 1000 sint
1375 949 1623 1015 quaedam
1656 948 1807 1014 quasi
1843 942 2102 1029 ἐπεξήγιῑ-

257 1051 342 1095 mg·
390 1038 717 1103 superiorum
773 1029 912 1106 ἅπερ
960 1045 1058 1090 etc.
1135 1038 1335 1089 Vereor
1384 1054 1451 1088 ne
1500 1051 1679 1087 versus
1731 1018 1993 1087 excides-'iil
2030 1068 2101 1077 —-

255 1124 346 1175 Vs.
387 1126 455 1174 27
493 1124 718 1176 fortasse
753 1122 942 1185 καινὸς
979 1121 1256 1193 πάρεστιν.
1299 1156 1364 1163 -
1405 1126 1493 1176 Vs,
1533 1125 1602 1174 30
1640 1141 1750 1189 sqq.
1790 1123 2102 1174 describitur

253 1212 451 1261 haedus
489 1213 639 1262 variis
676 1213 1028 1264 farciminibus
1068 1214 1338 1263 distentus.
1377 1205 1613 1279 ἀκριβῶς
1651 1211 1790 1277 quod
1826 1211 1944 1261 libri
1981 1215 2101 1261 ante

251 1295 466 1367 ἐρίφιον
504 1300 698 1351 habent
737 1302 905 1352 delevi
943 1306 1227 1368 praeeunte
1267 1302 1523 1352 Dobraeo.
1599 1300 1736 1351 Tum
1773 1301 1819 1351 A
1852 1294 1911 1348 ἐν
1946 1313 2100 1348 τακε-

250 1402 614 1456 ρωσεπνικτω.
700 1385 961 1457 ἐτακέρως
1008 1385 1240 1438 ἕπνίκτω
1289 1391 1393 1440 BP.
1468 1383 1757 1457 ἐντακερόν
1803 1371 2142 1459 ἕμπνικτοτζξμ

251 1478 359 1530 VL.
430 1473 726 1544 ἐτακέρωσε
775 1471 1003 1527 πνικτὸν
1040 1478 1302 1531 Porsonus
1353 1480 1405 1530 in
1444 1479 1671 1546 Miscell.
1709 1495 1760 1544 p.
1798 1477 1920 1527 247.
1993 1463 2101 1527 Sed

251 1563 456 1636 πνικτῷ
491 1567 716 1617 fortasse
754 1567 971 1617 retineri
1009 1573 1207 1633 potest,
1258 1573 1315 1618 ut
1363 1568 1706 1633 coniungatur
1743 1558 1948 1634 πνικτῷ
1986 1560 2098 1613 διέ-

251 1653 438 1720 λαβεν,
475 1657 740 1723 suffocata
777 1673 937 1707 carne
973 1657 1279 1722 dispescuit.
1359 1657 1448 1707 Sin
1488 1651 1742 1718 διέλαβεν
1778 1663 1872 1720 pjer
1908 1669 1966 1717 se
2003 1647 2105 1719 po*-⁴

250 1746 406 1795 situm
447 1750 541 1806 est,
584 1745 827 1794 verterim
865 1745 1134 1795 dissecuit.
1188 1772 1255 1781 —
1296 1746 1384 1798 VS·
1424 1745 1488 1794 31
1530 1744 1648 1794 libri
1686 1728 2155 1815 περικομματίωξὲ*

251 1824 331 1880 δι’
372 1826 646 1898 ε’πίγγρας.
708 1832 765 1882 ln
804 1833 883 1882 his
921 1828 1163 1898 γίγγρας,
1203 1833 1339 1898 quod
1379 1833 1615 1883 tibiarum
1654 1847 1818 1897 genus
1858 1830 1982 1891 fuit,
2021 1831 2098 1880 la-

250 1926 363 1970 tere
401 1920 528 1969 vidit
567 1919 791 1970 Grotius.
870 1919 1102 1970 Perfecit
1150 1921 1567 1970 emendationem
1609 1920 1889 1969 Dobraeus.
1964 1919 2094 1971 Ver-

247 2011 371 2060 bum
409 2001 806 2078 διαγιγγράζειν
845 1991 905 2057 ἐκ
945 2008 1166 2058 auletica
1204 2015 1314 2058 arte
1342 2008 1561 2073 petitum
1599 2020 1744 2055 more
1781 2007 2097 2058 comicorum

248 2099 312 2148 ad
351 2098 649 2148 colinariam
689 2095 964 2146 transtulit.
1021 2095 1113 2146 Cfr
1150 2096 1214 2145 ad
1252 2095 1523 2147 Machonis
1564 2093 1728 2159 Epist.
1766 2110 1841 2145 vs.
1882 2095 1965 2144 13.
2017 2095 2096 2145 De

246 2188 456 2237 nomine
502 2178 959 2253 περικομμάτιον,
1009 2200 1110 2250 quo
1162 2188 1214 2235 et
1264 2201 1446 2236 carnes
1494 2184 1730 2234 minutim
1768 2185 2006 2233 concisae
2043 2189 2105 2244 et
2194 2194 2202 2199 ·

245 2275 430 2325 modus
487 2275 714 2325 musicus
776 2274 1164 2339 significantur,
1226 2272 1306 2324 cfr
1365 2275 1430 2324 ad
1480 2273 1760 2324 Damoxeni
1811 2249 2115 2338 Syntro'phss'

246 2378 318 2411 vs·
371 2362 458 2412 48.
557 2364 674 2413 Non
736 2368 880 2411 recte
934 2363 1229 2421 Dobraeum
1278 2362 1602 2413 coniunxisse
1652 2366 1778 2427 puto
1837 2355 2093 2424 διέλαβεν

245 2446 684 2518 περικομματίῳ,
734 2465 834 2514 quo
887 2454 1036 2513 pacto
1075 2466 1178 2499 non
1212 2450 1361 2500 video
1402 2465 1501 2514 quo
1541 2447 1728 2512 γλυκεῖ
1756 2448 2093 2499 referendum

245 2539 356 2589 sit.x
389 2566 452 2575 —-
503 2539 590 2590 Vs.
631 2538 700 2587 32
736 2529 861 2585 οὐδ’
901 2529 1192 2603 ὁρώμενον,
1230 2538 1359 2588 adeo
1399 2523 1598 2588 scilicet
1636 2537 1824 2586 ceteris
1863 2535 2090 2586 farcimi-

245 2627 398 2676 nibus
447 2627 806 2692 obtegebatur.
856 2652 924 2661 »-
973 2626 1062 2676 Vs,
1099 2626 1170 2675 34
1208 2620 1324 2691 post
1361 2618 1527 2685 πολύ,
1577 2641 1671 2690 pro
1712 2639 1812 2688 quo
1851 2624 1893 2674 L
1931 2624 2090 2674 habet
2161 2644 2202 2683 ,ι

242 2707 433 2775 πονλύ,
483 2716 659 2765 addidi
698 2710 773 2774 δέ,
821 2713 1119 2764 Dindorfius
1157 2729 1227 2764 τι.
1305 2746 1370 2755 -
1446 2714 1533 2766 Vs,
1572 2713 1640 2762 35
1689 2705 1874 2761 ἄνεντι
1910 2713 1972 2763 Β.
2021 2718 2113 2754 -“

241 2804 329 2854 Vs,
369 2805 437 2852 36
476 2798 662 2863 αὐτοῖς
698 2802 997 2854 Dindorfius
1036 2819 1142 2869 prox
1170 2795 1382 2862 αὐτοῖς,
1430 2802 1570 2867 quod
1617 2801 1744 2851 mire
1780 2801 2089 2865 interpreta-
2147 2814 2165 2851 ὲ
2200 2806 2202 2813 “

240 2899 323 2941 tur
362 2892 712 2942 casaubonus.
771 2893 938 2942 Recte
974 2891 1075 2942 iam
1116 2891 1326 2941 Grotius
1362 2892 1568 2941 sociare
1604 2892 1771 2941 vitam
1807 2888 1981 2940 libuit.
2020 2897 2089 2924 -”-
2132 2899 2142 2910 ‘

238 2981 326 3032 Vs·
365 2980 435 3029 37
485 2973 744 3044 ἐγένονθ’
787 2978 850 3029 αἱ
887 2981 1127 3042 Grotius,
1180 2981 1451 3029 confirmat
1488 2982 1547 3031 Β.
1624 2980 1791 3044 Vulgo
1839 2960 2202 3045 «ἐγένοντόεῇἵἸ

236 3062 309 3115 θ’
351 3064 428 3118 αἱ.
469 3098 538 3106 -
580 3070 666 3119 Vs.
706 3070 774 3118 39
812 3067 933 3134 περὶ
972 3062 1104 3118 πόδ’
1145 3054 1198 3116 εἶ
1230 3069 1756 3134 Schweighaeuserus
1796 3083 1888 3132 pro
1927 3067 2099 3115 libro-.
2131 3050 2189 3120 ‘⁸2

236 3171 349 3205 rum
409 3156 631 3205 lectione
687 3150 943 3225 περίποδ’
984 3143 1037 3204 εἷ
1081 3158 1164 3219 vel
1215 3153 1514 3224 περιποδεῖ.
1588 3157 1664 3206 De
1701 3154 1923 3205 formula
1965 3152 2086 3220 περὶ

239 3237 386 3292 πόδα
424 3229 566 3291 εἶναι
603 3262 650 3295 v.
690 3247 1026 3296 Casaubonus
1064 3246 1128 3295 ad
1166 3246 1438 3311 Theophr.
1479 3246 1632 3295 Char.
1674 3245 1744 3297 lV
1781 3260 1831 3309 p.
1853 3243 1921 3292 49
1945 3243 2084 3308 Lips.

236 3362 305 3371 -—
344 3330 433 3382 Vs·
472 3333 542 3382 42
581 3328 743 3382 ταῦτ’
784 3326 1055 3400 εἰρηκέναι
1092 3336 1151 3385 Β.
1189 3361 1260 3372 —-
1297 3334 1386 3386 Vs,
1422 3334 1495 3383 44
1534 3333 1651 3383 libri
1689 3325 1842 3399 ἄφες.
1895 3331 2085 3381 Coraes

230 3412 270 3467 ἃ
305 3414 426 3490 (pig.
515 3420 777 3473 lacobsius
830 3423 1003 3474 Addit.
1051 3438 1101 3489 p.
1141 3422 1250 3473 345
1301 3415 1491 3489 ἀφείς,
1541 3421 1678 3487 quod
1726 3420 2081 3488 recipiendum
