2202 3918
245 177 353 229 824
1031 175 1302 228 DIPHILI

679 313 1675 375 ΠΟΛΥΠΡΑΓΜΩΝ,

251 424 367 491 Ego
406 423 692 475 arbitrabar
730 424 971 475 antidhac
1009 423 1255 489 piscarius

254 514 505 564 scelestos
547 530 661 564 esse
698 518 893 567 tantum
933 512 1151 564 Athenis
1190 514 1411 566 Atticis:

254 601 348 652 sed
385 616 544 664 nunc,
582 607 639 652 ut
673 603 839 664 video,
879 617 1042 666 genus
1079 602 1194 664 hoc,
1235 607 1479 668 tanquam
1518 605 1704 658 animal
1740 606 1932 673 ferum,

255 693 472 740 naturae
510 690 768 741 humanae
807 690 896 740 ubi
934 690 1010 739 vis
1046 689 1260 740 insidias
1298 690 1441 743 facit.

254 777 373 828 heic
409 794 534 830 vero
572 784 650 829 est
686 794 820 829 unus
859 778 1015 842 longe
1054 783 1315 829 antestans
1355 781 1610 845 omnibuS,

257 881 455 917 comam
492 868 797 934 promittens
835 871 1077 932 tanquam
1116 874 1367 925 sacratam
1409 871 1555 920 Deo:

259 956 505 1007 obtentus
542 957 605 1018 is,
643 972 745 1007 non
785 972 937 1007 causa
976 961 1084 1006 est:
1125 974 1239 1007 nam
1279 957 1506 1009 frontem
1546 962 1685 1013 notis

220 1071 221 1075 =
261 1049 603 1111 compunctus
643 1045 1073 1110 obtegumentum
1111 1047 1208 1095 sibi
1246 1048 1427 1097 sumsit
1467 1064 1684 1101 comam.

261 1136 371 1183 tum
410 1133 570 1197 siquis
607 1137 838 1196 quaerat,
879 1132 962 1181 hic
1000 1134 1153 1197 lupus
1193 1137 1388 1198 quanti,
1429 1136 1611 1187 decem

263 1220 547 1286 respondet
583 1220 767 1282 oboliS,
807 1235 909 1269 non
950 1221 1145 1271 addens
1184 1222 1457 1274 cuiatibus.

263 1308 308 1359 si
346 1308 536 1358 deinde
574 1313 842 1374 argentum
881 1323 1142 1370 numeres,
1183 1311 1544 1375 Aegineticum

263 1398 494 1465 persolvi
529 1398 627 1449 sibi
665 1398 798 1448 vult:
838 1401 1034 1459 contra,
1071 1398 1115 1448 si
1152 1398 1320 1463 ipsum
1362 1406 1603 1465 oporteat

265 1487 360 1537 tibi
397 1486 620 1538 reddere
657 1487 850 1538 aesculi
889 1486 1102 1552 aliquid,
1143 1488 1328 1538 reddat
1368 1490 1614 1540 Atticum.

266 1575 338 1627 its
374 1592 469 1644 pro
507 1592 566 1628 re
603 1581 721 1628 nata
760 1576 980 1626 nummis
1019 1576 1251 1641 utrisque
1290 1578 1471 1629 utitur.

916 1800 1494 1856 ΣΥΝΩΡΙΣ.

1182 1911 1221 1960 l.

270 1998 502 2064 Egregie
540 2003 593 2048 te
631 1999 729 2048 ista
769 1998 1001 2047 liberasti
1042 2004 1261 2049 tessera.

270 2087 330 2137 Β.
371 2087 601 2152 Lepidus
641 2106 713 2140 es.
789 2091 849 2140 A.
893 2078 1196 2139 Drachmam
1238 2104 1390 2154 pone.
1466 2090 1524 2140 Β.
1567 2089 1728 2141 Ροηο.
1804 2091 2112 2160 Euripidem
2176 2099 2185 2139 ἵ

274 2176 543 2241 ecquando
583 2194 680 2243 ego
720 2178 940 2228 iaciam?
1012 2180 1072 2228 A.
1116 2177 1272 2227 Certe
1311 2192 1570 2243 nunquam
1608 2179 1844 2249 feminae,

272 2263 554 2330 Euripides
595 2266 729 2317 bene
766 2266 910 2317 faxit.
982 2266 1037 2316 in
1077 2266 1359 2332 tragoediis

274 2367 380 2403 non
419 2353 588 2403 cernis
626 2359 819 2419 quanto
855 2355 1042 2421 flagret
1081 2355 1200 2405 odio
1241 2357 1560 2406 mulierum?

274 2441 531 2506 parasitos
569 2459 693 2492 vero
733 2443 951 2493 amabat.
1028 2444 1220 2492 etenim
1261 2445 1336 2493 sic
1374 2445 1470 2494 ait:

278 2529 573 2594 quicunque
610 2531 778 2597 largas
814 2531 952 2580 inter
991 2532 1251 2581 exsultans
1289 2549 1416 2598 opes

277 2633 382 2668 non
421 2622 528 2668 tres
567 2619 753 2669 aluerit
791 2619 1006 2684 dapibus
1042 2620 1296 2670 immunes
1337 2622 1463 2683 suiS,

279 2712 478 2772 pereat,
516 2723 614 2757 nec
652 2722 876 2772 unquam
915 2708 1110 2773 patrios
1149 2709 1337 2759 videat‘
1358 2711 1513 2760 lares,

280 2794 342 2845 B.
383 2796 448 2845 At
487 2796 626 2846 unde
665 2812 857 2862 quaeso
896 2795 998 2846 hoc
1035 2797 1261 2847 recitas?
1333 2800 1395 2848 A.
1438 2798 1572 2864 Quid
1606 2798 1772 2852 refert
1811 2802 1933 2853 tua?

283 2898 388 2934 non
425 2881 652 2935 fabulam
693 2888 1003 2951 spectamus,
1044 2885 1136 2936 sed
1176 2887 1502 2937 sententiam.

1184 2992 1246 3042 ll.

285 3079 348 3130 A.
390 3078 652 3130 Parasitus
689 3081 841 3131 irasci
880 3080 1072 3130 audet?
1108 3080 1259 3130 irasci
1299 3082 1491 3146 inquio.

285 3167 346 3217 Β.
386 3168 533 3218 Non:
570 3169 662 3218 sed
696 3184 992 3235 perungens
1030 3185 1258 3219 mensam
1299 3171 1660 3235 amaritudine,
1751 3151 1756 3161 Ι

287 3260 345 3304 ut
381 3270 572 3321 pueros
609 3263 790 3320 mater,
829 3274 945 3310 sese
985 3274 1013 3308 a
1051 3259 1184 3309 lacte
1223 3258 1440 3325 depulit.
