2202 3918
524 166 968 222 COMICORUM
1004 166 1543 222 ANONYMORUM.
1863 172 1972 224 695

122 314 196 364 111
232 314 266 364 4
302 314 402 363 242
430 309 704 378 persuasit
740 309 952 369 vinum,
988 323 1121 370 nox,
1156 323 1331 369 amor,
1368 310 1657 362 silentium.
1732 313 1801 364 At
1837 318 1904 364 ue
1940 330 1971 363 a

119 399 387 468 tragoedia
432 397 643 463 quidem
692 396 815 448 talia
862 396 1034 447 aliena
1077 395 1243 447 fuisse
1283 395 1439 446 docet
1491 399 1758 466 Euripidis
1794 416 1969 451 exem-

118 490 279 555 plum,
316 487 405 553 qui
426 486 730 548 Herculem,
767 487 948 552 Augae
984 488 1351 551 stupratorem,
1388 483 1520 535 haec
1554 486 1852 554 loquentem
1887 490 1968 541 iu-

40 572 46 576 *
116 576 333 627 duxerat
370 575 421 625 in
459 577 612 642 Auge
647 574 833 642 fragm.
873 573 896 624 1
933 572 1143 635 (vum

365 659 468 712 νῦν
504 656 563 712 δ’
605 649 754 721 οἶνος
790 658 1045 724 ἐξέστησε
1078 654 1144 727 μ’
1166 676 1179 690 ·
1218 653 1471 727 ὁμολογῶ
1507 655 1567 709 δέ
1603 675 1664 710 σε

364 744 593 813 ἀδικεῖν,
630 747 695 801 τὸ
733 742 790 800 δ’
830 742 1062 817 ἀδίκημ’
1103 742 1307 815 ἐγένετ’
1347 743 1447 816 οὐχ
1482 742 1744 812 ἑκούσιον.

113 841 226 891 Nec
260 839 561 893 dissimilem
598 857 806 893 scenam
854 844 1338 906 repraesentaverat
1385 838 1666 901 Carcinus,
1714 843 1770 888 ut
1817 839 1970 892 docet

113 929 260 980 locus
296 930 435 996 apud
471 930 782 996 Harpocrat.
824 929 927 977 1⁰6
963 929 999 977 8
1035 929 1200 991 (Hist.
1239 929 1353 979 crit.
1392 944 1445 994 p.
1479 927 1613 992 507)
1651 912 1915 980 servatus:

365 1009 464 1067 οὒκ
499 1003 647 1076 οἶνος
683 1012 960 1079 ἐξέστησε·
999 1011 1099 1075 τὰς
1134 1009 1242 1084 γάρ
1276 1009 1554 1083 ἐμφύτους

363 1099 555 1174 ὀρθῶς
587 1099 856 1171 παγείσας
891 1098 1316 1172 νουθετήμασιν
1352 1100 1558 1171 φρένας
1590 1103 1648 1167 *),

365 1188 547 1254 οὐδεὶς
581 1188 794 1261 ἐπαίρει
829 1189 1019 1261 καιρὸς
1054 1185 1472 1266 ἐξαμαρτάνῃν.

111 1287 256 1349 Quos
294 1299 473 1335 versus
509 1300 627 1335 cum
666 1284 963 1350 Euripideis
1001 1283 1294 1350 composuit
1332 1283 1486 1334 etiam
1523 1282 1780 1348 Bergkius
1816 1282 1970 1334 Com-

110 1380 271 1424 ment.
320 1389 371 1439 p.
409 1373 534 1424 429.
628 1373 707 1424 Ac
762 1372 990 1424 fortasse
1040 1372 1107 1423 ad
1157 1371 1377 1423 eandem
1429 1371 1714 1422 Carcineae
1760 1370 1971 1423 fabulae

111 1477 321 1512 scenam
360 1461 672 1514 referendus
712 1467 792 1512 est
812 1461 1115 1528 Tryphonis
1138 1476 1337 1522 versuS,
1376 1475 1530 1525 quem
1553 1460 1779 1525 tragicae
1800 1460 1972 1525 potius

7 1571 11 1575 ¹
108 1565 263 1614 quam
300 1551 529 1601 comicae
566 1551 781 1617 originis
818 1565 935 1600 esse
972 1550 1128 1600 etiam
1167 1549 1408 1599 dictionis
1445 1548 1591 1599 color
1627 1548 1858 1599 indicare
1894 1548 1971 1599 vi·-

108 1637 277 1688 detur.
354 1636 450 1688 cn·
484 1638 795 1704 Euripidem
820 1640 952 1704 Aug.
978 1637 1053 1687 ΙΙΙ
1089 1638 1124 1687 2
1161 1630 1339 1701 ἔρωτα
1377 1663 1446 1672 --
1484 1628 1769 1701 δαιμόνων
1807 1629 1969 1703 ὑπέρ-

107 1740 293 1777 τατον.
369 1726 607 1792 Denique
648 1743 711 1777 ex
748 1725 904 1776 simili
942 1739 1098 1775 scena
1133 1724 1423 1775 derivatum
1463 1739 1579 1773 esse
1616 1725 1854 1790 suspicor
1889 1725 1966 1775 i-n-

107 1817 239 1868 certi
281 1822 470 1882 poetae
510 1831 714 1866 versum
750 1815 889 1882 apud
928 1813 1266 1865 Plutarchum
1288 1815 1455 1864 Amat.
1476 1828 1527 1878 p.
1550 1813 1657 1862 768
1680 1830 1738 1863 e:
1765 1802 1970 1880 ”Υβρις

106 1898 235 1955 τάδ’
265 1898 363 1970 οὐχ
401 1898 434 1965 ἡ
472 1905 602 1970 (leg.
636 1897 784 1970 οὐχὶ)
812 1896 1023 1970 Κύπρις
1060 1895 1421 1975 ἐξεργάζεται.
1459 1904 1605 1967 Quae
1625 1902 1823 1968 optime
1842 1918 1967 1953 con-

110 1995 323 2047 veniunt
341 1994 395 2046 in
417 2008 558 2056 eum,
593 1993 685 2059 qui
709 1994 936 2044 oblatum
963 1993 1151 2061 virgini
1187 1993 1366 2044 vitium
1394 2007 1572 2043 amore
1608 1996 1964 2042 excusaverat.

849 2194 873 2223 ⁴¹
895 2189 1214 2244 cccnxlv.

325 2327 534 2403 Χρυσί’
574 2325 695 2385 ἔστ’
736 2325 982 2401 ἄπεφθα
1019 2334 1133 2393 τοῖς
1170 2329 1482 2393 Παταικοῖς
1519 2326 1748 2399 ἐμφερῆ.

245 2443 453 2505 Suidas,
484 2434 800 2508 ’Λπέφθου
829 2433 1091 2507 χρυσίουε
1129 2426 1379 2491 τουτέσὶι
1413 2436 1512 2488 τοῦ
1542 2430 1805 2496 πολλάκις
1829 2430 1969 2504 ἔψη,-

0 2528 3 2585 ὲ
106 2532 328 2594 θέντος,
360 2521 500 2582 ὥστε
538 2527 810 2597 γενέσθαι
845 2522 1097 2596 ὅβρυζον.
1157 2521 1366 2597 Χρυσί’
1408 2523 1529 2581 ἔστ’
1569 2521 1818 2595 ἄπεφθα
1853 2523 1968 2584 τοῖς

106 2619 416 2679 ΙΙαταικοῖς
451 2615 680 2686 ἐμφερῆ.
716 2618 890 2684 Vulgo
918 2610 1106 2685 χρυσί’
1147 2612 1394 2685 ἄπεφθά
1432 2634 1489 2668 τε
1527 2616 1641 2677 τοῖς
1676 2613 1791 2667 κτλ.
1834 2615 1964 2667 cod.

106 2715 152 2766 Α
185 2703 438 2778 χρυσίαις
484 2702 783 2774 ἅπαιφθα.
822 2707 864 2758 C
897 2699 1151 2773 χρυσίαις
1185 2699 1451 2773 ἄπεᾳθα.
1500 2708 1738 2771 Uterque
1776 2704 1969 2755 omittit

107 2816 182 2853 τε.
237 2796 478 2852 Correxit
517 2795 891 2858 Bernhardius,
929 2797 1017 2861 qui
1054 2812 1084 2846 a
1121 2802 1277 2862 poeta
1313 2812 1501 2847 aureos
1537 2796 1738 2848 Atticos
1777 2808 1839 2844 ex
1880 2807 1965 2842 va-

108 2890 187 2939 ria
223 2886 440 2938 materia
475 2885 574 2936 sub
610 2885 883 2951 Antigenis
922 2885 1225 2952 magistratu
1265 2886 1517 2937 conflatos
1557 2875 1766 2949 tamtiue
1806 2898 1966 2950 pravo

108 2980 366 3029 commate
404 2989 679 3040 percussos
716 2973 924 3023 irrideri
957 2974 1155 3036 statuit,
1195 2980 1249 3024 ut
1273 2980 1615 3024 monstrosam
1643 2971 1788 3038 quasi
1823 2970 1966 3037 spin-

107 3066 317 3119 turnicii
357 3062 578 3114 formam
615 3061 818 3114 reterre
854 3063 1157 3126 videantur,
1195 3063 1281 3116 cll.
1319 3052 1588 3131 Aristoph.
1612 3062 1745 3115 Rau.
1765 3061 1872 3112 732
1910 3064 1964 3111 ct

106 3153 371 3209 Boeckhio
411 3152 608 3204 Oecon.
647 3153 753 3204 Δία.
792 3151 815 3204 1
853 3169 904 3220 p.
941 3152 1033 3206 24.
1876 3165 1883 3171 ·

223 3343 265 3394 )
297 3341 361 3382 lta
391 3339 509 3382 euim
539 3338 651 3381 hunc
682 3352 850 3381 versum
883 3338 1197 3396 redintegravit
1228 3339 1414 3385 Grotius
1443 3340 1550 3384 Exc.
1585 3354 1627 3397 p.
1657 3336 1963 3429 450.Vu129
1996 3364 2007 3375 ,

107 3410 234 3473 6ροιῖ
221 3432 260 3466 ς
291 3417 500 3470 nardaus
530 3419 609 3469 μνὲ
638 3418 769 3473 φρένα
