2202 3918
260 172 367 222 776
991 164 1369 217 MENANDR!

1144 306 1234 356 lX.

266 403 334 453 At
371 398 568 449 medius
606 397 759 447 fidius
799 410 976 445 narras
1014 393 1283 479 stultitiam
1306 380 1460 445 'haud
1499 395 1697 455 levem3

268 492 484 538 testatas
526 485 678 536 malle
714 486 865 550 quam
903 483 1123 531 latentes
1162 483 1415 534 miserias.

1159 571 1222 621 X.

265 665 500 715 Fortuna
537 678 622 714 res
660 667 739 714 est
781 661 1003 711 maxime
1039 659 1400 711 inscrutabilis

787 837 844 888 X
915 836 972 887 A
1046 835 1105 886 A
1172 834 1230 884 Κ
1302 834 1354 885 Ε
1422 834 1452 884 1
1524 835 1598 889 A.

1154 925 1246 975 111.

263 1020 402 1071 Sene
441 1022 520 1068 est
556 1019 760 1067 amante
797 1015 926 1065 nihil
965 1013 1350 1077 infortunatus,

264 1109 363 1159 nisi
401 1107 539 1157 forte
576 1110 774 1155 amator
812 1104 941 1153 alter
979 1119 1270 1167 aequaevus
1308 1121 1494 1153 senex:

262 1212 380 1246 nam
419 1195 504 1260 qui
543 1209 602 1242 ea
641 1192 795 1257 potiri
833 1191 1152 1255 concupiscit
1191 1207 1220 1239 a
1258 1192 1444 1255 quibus

261 1285 429 1351 ipsum
467 1287 610 1332 arcet
648 1286 807 1340 aetas,
847 1279 1104 1344 quomodo
1143 1294 1246 1328 non
1285 1280 1350 1328 sit
1388 1281 1584 1330 miser?

452 1457 904 1512 FABULARUM
944 1457 1425 1510 INCERTARUM
1461 1458 1926 1510 FRAGMENTA.

1144 1547 1183 1597 1.

260 1637 366 1688 Aut
402 1651 506 1687 non
546 1635 783 1686 ducenda
821 1638 899 1684 est
938 1651 1082 1698 uxor,
1122 1641 1211 1686 aut
1247 1638 1291 1686 si
1330 1637 1536 1687 duxeris

259 1724 480 1776 ferenda
516 1724 805 1774 mussitanti
843 1729 896 1772 et
934 1723 1027 1774 dos
1070 1730 1121 1774 et
1159 1725 1352 1776 femina
1391 1731 1486 1787 est,

261 1813 534 1864 sinendum
570 1819 628 1863 ut
663 1812 983 1877 inquiramus
1022 1828 1156 1878 quae
1190 1813 1388 1865 faciunt
1426 1815 1540 1865 viri.

260 1916 484 1966 namque
521 1901 624 1951 hoc
663 1901 885 1966 sapienti
923 1902 1186 1951 vitandum
1225 1903 1457 1968 apprime
1498 1907 1577 1951 est
1616 1902 1746 1964 viro,

259 2005 327 2040 ne
364 1996 538 2040 servet
574 1989 722 2039 nimis
759 2004 976 2039 uxorem
1013 1990 1065 2039 in
1104 1990 1342 2041 claustris
1378 1990 1613 2041 aedium:

264 2081 477 2128 externa
514 2093 737 2142 namque
774 2077 912 2128 visus
951 2079 1292 2129 oblectamina

262 2167 363 2217 sibi
403 2167 704 2233 expetiscit3
744 2182 875 2231 quae
915 2167 957 2216 si
996 2167 1201 2218 abunde
1239 2166 1506 2234 suggeraS,

260 2254 456 2320 ubique
493 2271 740 2320 praesens
778 2255 865 2304 illa
904 2261 956 2306 et
994 2259 1233 2322 spectans
1272 2257 1458 2318 omnia,

262 2343 446 2392 satiata
483 2343 684 2405 obtutu,
724 2349 898 2393 manet
933 2344 1176 2394 immunis
1217 2344 1506 2396 criminum.

263 2430 358 2479 viri
396 2445 603 2495 quoque
640 2431 740 2496 ipsi
777 2447 908 2496 quae
947 2432 1107 2481 latent
1147 2436 1353 2496 captant
1390 2433 1570 2499 magis.

264 2524 317 2566 at
356 2518 443 2582 qui
482 2533 713 2568 serarum
752 2519 1079 2584 vectiumque
1118 2520 1401 2571 obstaculis

261 2620 475 2656 uxorem
514 2611 702 2668 servat,
741 2622 926 2672 sapere
965 2613 1021 2657 ut
1057 2607 1294 2659 videatur
1331 2610 1445 2672 sibi,

260 2709 448 2758 reapse
484 2684 623 2744 totus
661 2695 845 2761 plenus
883 2695 1180 2761 insipientia
1218 2702 1327 2747 est:

262 2798 379 2832 nam
417 2782 461 2832 si
498 2798 597 2847 qua
638 2784 800 2833 nostri
840 2799 993 2834 sexus
1035 2790 1178 2835 extra
1215 2802 1305 2835 cor
1342 2785 1518 2851 habet,

262 2877 316 2919 et
353 2869 459 2919 telo
500 2875 552 2919 et
589 2887 759 2935 penna
797 2873 947 2923 citius
985 2873 1282 2935 avolaverit,

260 2974 430 3024 neque
466 2959 607 3009 illam
645 2966 876 3011 asservet
914 2961 1098 3010 oculea
1135 2963 1263 3028 Argi
1302 2962 1495 3029 vigilia.

259 3046 333 3096 ita
370 3046 435 3096 ad
472 3047 606 3097 mala
645 3049 743 3098 alia
778 3049 1057 3099 ludibrium
1096 3053 1175 3099 est
1211 3051 1473 3101 accessio.

262 3148 499 3201 uxorque
536 3136 715 3202 virque
751 3137 1014 3188 intereunt
1052 3137 1419 3203 despicabiles·

1165 3226 1232 3276 ΙΙ.

260 3311 317 3364 Si
356 3313 541 3376 solum,
580 3313 885 3379 Trophime‚
925 3319 978 3364 te
1016 3314 1243 3365 omnium
1280 3314 1575 3366 mortalium

258 3406 311 3456 in
348 3404 448 3456 hoc
486 3403 762 3471 progenuit
801 3407 985 3465 mater,
1025 3409 1082 3455 ut
1122 3404 1216 3455 tibi
1254 3404 1508 3472 perpetim
