2202 3918
870 103 1200 204 ΖεὲιῬΑψ
1211 149 1323 205 οΣ.

178 300 258 350 sin
296 311 451 364 supra
488 295 624 344 vires
664 300 845 361 erogat
879 295 1197 361 patrimonii,

175 389 228 439 in
265 392 533 453 posterum
570 383 623 434 id
659 399 728 435 ne
765 382 924 434 faciat
959 384 1317 436 interdicitur:

173 475 363 527 mulcta
397 474 675 540 irrogatur,
713 472 767 524 nl
805 472 871 523 sit
909 471 1048 523 dieto
1087 471 1391 542 obaudiens.

171 563 312 630 qnod
349 563 511 628 siquis
547 562 659 612 sine
694 576 756 612 re
792 562 947 612 vitam
984 562 1120 612 vivat
1157 559 1500 627 splendidam,

169 651 491 718 torquendus
526 650 618 701 ille
655 665 775 701 mox
812 649 1043 700 carnifici
1079 649 1246 701 datur.
1322 649 1383 701 B.
1423 651 1564 702 Atat.

170 744 234 795 Δ.
270 742 506 808 Namque
540 741 643 790 iste
680 744 738 789 ut
774 738 909 790 vivat
944 739 1112 790 omnis
1149 753 1336 805 expers
1374 739 1600 789 malefici

169 830 432 897 nequitur.
506 827 672 895 eapin’
707 827 850 879 hoo?
888 843 1014 895 ergo
1051 833 1140 877 aut
1179 827 1494 893 praemiator
1531 833 1614 880 est

166 924 467 978 nocturnus,
503 917 658 967 vitam
696 921 785 967 aut
821 917 946 967 vivit
983 915 1391 978 metiemur-iam,

164 1011 254 1058 aut
287 1006 545 1073 particeps
582 1010 663 1054 est
698 1003 894 1069 aliquid
931 1002 1035 1052 tale
1072 1003 1364 1067 agentibuS,

164 1102 255 1149 aut
289 1093 663 1161 quadruplator
697 1097 794 1155 est,
831 1096 921 1142 aut
959 1091 1254 1141 testimonia

166 1184 404 1237 falsidica
436 1181 631 1234 vendit.
704 1180 836 1232 tales
873 1195 970 1231 nos
1008 1180 1313 1230 evertimus,

166 1274 227 1325 Β.
270 1274 440 1325 Recte
475 1268 730 1338 profecto.
805 1283 986 1319 verum
1026 1268 1082 1318 id
1117 1283 1201 1318 me
1239 1267 1364 1333 quid
1402 1267 1633 1321 attinet?

167 1365 231 1416 Δ.
269 1363 403 1429 Quia
441 1367 495 1411 te
528 1358 780 1421 videmus,
817 1357 956 1408 bone
992 1357 1088 1420 vir,
1127 1357 1432 1408 obsonarier

164 1451 381 1505 basilice
418 1455 471 1501 et
506 1448 663 1514 longe
700 1462 856 1514 supro
893 1447 1100 1498 civilem
1137 1446 1368 1498 modum.

164 1557 263 1609 per
295 1545 351 1591 te
387 1536 688 1606 pisciculum
725 1535 807 1587 vix
844 1535 1105 1602 accipiunt
1143 1534 1356 1585 caeteri.

163 1630 237 1682 ita
272 1628 450 1679 civitas
486 1625 755 1692 compulsa
791 1624 857 1675 ad
894 1624 1049 1675 vitam
1089 1623 1352 1674 olitoriam
1390 1628 1487 1674 est.

163 1733 450 1786 pugnamus
488 1715 555 1766 de
591 1715 721 1782 apiis
759 1720 1004 1780 tanquam
1040 1713 1093 1764 in
1131 1718 1332 1764 oei-tatu
1371 1712 1640 1766 Isthmioo.

160 1812 252 1857 tua
286 1805 483 1872 praeda
518 1809 616 1866 est,
653 1803 816 1869 siquis
856 1801 1062 1853 moenia
1098 1801 1309 1852 intravit
1346 1802 1512 1867 lepus.

161 1894 403 1963 perdices
437 1898 612 1943 autem
650 1899 704 1942 et
740 1891 941 1953 turdos,
976 1891 1049 1940 ita
1086 1906 1171 1940 me
1207 1890 1289 1940 Dii
1328 1891 1526 1953 iuvent,

163 1985 266 2035 iam
302 1998 402 2035 nee
437 1981 670 2033 volantes
706 1980 904 2031 licitum
944 1986 1024 2031 est
1061 1980 1428 2045 conspicarier.

165 2074 318 2125 etiam
357 2070 631 2124 incendisti
668 2069 893 2138 pretium
933 2070 1051 2121 vino
1092 2070 1312 2119 exotico.

742 2290 1444 2351 ΖΩΓΡΑΦΟΣ.

1054 2424 1121 2476 11.

160 2513 445 2567 Obsonium
486 2528 590 2565 non
628 2513 842 2581 accipio,
881 2529 1094 2581 operam
1132 2529 1231 2565 nec
1268 2530 1439 2566 meam

160 2603 361 2666 addico,
400 2603 497 2654 nisi
536 2603 632 2654 sim
671 2607 846 2653 certus
883 2618 968 2653 me
1006 2607 1173 2653 totum
1212 2603 1353 2654 diem

159 2697 475 2745 structurum
513 2693 671 2743 rebus
708 2691 903 2743 affatim
938 2690 1303 2743 affluentibus:

159 2794 329 2847 neque
364 2786 485 2832 onte
522 2795 816 2846 quenquam
857 2785 1048 2842 sector,
1087 2795 1237 2845 quam
1277 2795 1574 2848 cognovero

163 2867 279 2934 qula
313 2869 382 2920 nit
416 2884 618 2921 oacrum
655 2869 906 2933 facturus,
946 2875 1036 2919 aut
1073 2885 1173 2935 qua
1210 2871 1379 2936 gratia

163 2956 449 3008 convivium
487 2964 657 3026 paret,
691 2964 744 3009 et
782 2973 912 3025 quos
951 2959 1312 3009 advocaverit=

162 3060 281 3097 nam
317 3043 484 3098 forma
521 3048 658 3115 apud
696 3063 780 3098 me
816 3063 1066 3115 generum
1104 3048 1364 3114 descripta
1403 3049 1634 3100 omnium
1677 3059 1772 3113 est,

160 3134 312 3201 quei·
348 3150 432 3187 me
469 3135 694 3199 elocare,
732 3151 863 3203 quos
904 3152 1093 3188 cavere
1135 3137 1372 3188 debeam.

161 3222 385 3291 primum
424 3230 482 3275 nt
515 3224 583 3276 de
619 3242 817 3293 genere
855 3225 1022 3277 dicam
1061 3226 1393 3286 mercatorio,

163 3318 316 3364 nauta
350 3310 534 3377 aliquis
571 3314 676 3364 voti
715 3314 929 3366 damnas
967 3315 1197 3382 pollucet
1237 3329 1464 3375 sacrum,

168 3401 256 3469 qul
296 3401 500 3454 clavum
536 3400 712 3472 fregit,
751 3403 940 3456 malum
978 3409 1066 3457 aut
1103 3404 1446 3473 praecipitem
1487 3404 1645 3467 dedit,

1930 165 2033 216 821
