2202 3918
218 189 293 241 38
919 179 1367 235 PHILEMONIS

363 327 618 379 Stobeeus
647 326 791 380 Flor.
812 324 1035 377 XXXVI
1079 325 1160 373 18.
1229 323 1443 373 Grotius
1480 323 1617 373 notis
1639 323 1775 375 MSS
1806 326 2072 389 comparat

219 417 412 470 similes
449 416 729 468 sententias
768 413 1022 464 Martialis
1062 412 1110 461 ll
1148 411 1218 460 77
1258 417 1311 460 et
1347 410 1502 460 Plinii
1525 412 1756 478 lopianv
1795 413 1844 463 6.
1885 412 2072 477 quibus
2163 401 2166 406 ’

202 505 559 557 *Plutarchum
598 504 647 554 ΙΙ
685 520 736 568 p.
774 501 950 551 50411.
989 498 1131 548 addit
1169 496 1512 548 Gaisfordius.

849 595 853 597 ¹
1090 603 1209 654 XH-

429 688 565 759 Ἐγώ
606 687 706 742 τὸν
745 686 915 758 α’γρὸν
953 682 1148 759 ἰατρὸν
1183 684 1471 752 ἐλελήθειν
1507 685 1674 758 ἔχων·

431 797 617 868 τρέφει
654 794 758 868 γὰρ
794 784 953 859 οὗτος
986 788 1172 866 ὥσπερ
1209 790 1601 866 ἀρρωστοῦντά
1637 813 1721 864 με,

432 899 656 974 σιτάρια
691 902 858 974 μικρὰ
896 903 1226 976 προσφέρων
1263 901 1419 955 οἴνου
1451 899 1530 954 θ’
1567 894 1704 955 ὅσον

431 1006 631 1081 ὀσμήν,
666 1007 923 1080 λαχάνων
957 1006 1011 1062 τ’
1053 1006 1141 1062 ἀεὶ
1178 1028 1233 1063 τι
1269 1010 1363 1063 καὶ
1399 1006 1466 1075 νὴ
1508 1005 1608 1061 τὸν
1643 1005 1751 1061 Δία

362 1120 398 1172 5
435 1114 507 1170 τὰ
545 1119 779 1188 πετραῖα
815 1112 977 1169 ταῦτ’
1019 1114 1252 1188 ὀψάρια,
1290 1112 1592 1186 κάππαριν,
1629 1109 1842 1186 θύμον,

433 1220 782 1294 ἀσπάραγον,
824 1221 972 1277 αὐτὰ
1009 1222 1220 1277 ταῦτα·
1257 1222 1352 1277 καὶ
1390 1222 1613 1276 δέδοικα
1648 1218 1726 1292 μὴ

434 1328 565 1383 λίαν
599 1326 982 1399 ἀπισχναίνων
1016 1349 1084 1400 με
1122 1326 1330 1403 ποιήσῃ
1366 1326 1577 1400 νεκρόν.

363 1440 622 1492 Stobaeus
667 1440 812 1492 Flor.
854 1440 997 1493 LVll
1035 1442 1085 1492 6.
1176 1440 1269 1493 Vs.
1307 1441 1342 1490 3
1400 1441 1445 1491 A
1483 1428 1706 1504 σμικρά.
1775 1466 1848 1485 ,-
1922 1432 2012 1485 Vs,
2048 1431 2083 1480 4

223 1529 344 1582 libri
393 1521 648 1595 λαχάνων
693 1521 814 1595 ἄγει
864 1542 932 1580 τι.
1021 1508 1262 1580 Correxit
1299 1528 1570 1579 Dobraeus
1609 1526 1739 1579 Adv.
1779 1524 1828 1575 11
1867 1540 1916 1589 p.
1953 1521 2079 1572 289.

223 1619 288 1674 V.
327 1619 452 1671 edit.
489 1618 608 1671 mai.
682 1647 750 1656 ——-
823 1617 914 1668 Vs.
951 1615 987 1666 5
1033 1618 1266 1683 πετραῖα
1303 1617 1585 1669 Salmasius
1634 1614 1772 1682 apud
1822 1610 2081 1663 Grotium.

227 1709 402 1776 Vulgo
441 1705 753 1774 πετραγεΐα.
809 1708 997 1758 Arsen.
1038 1696 1297 1771 πετράνη.
1350 1708 1392 1757 Β
1430 1700 1739 1773 πετράγεια.
1795 1733 1864 1742 -
1922 1700 2009 1753 Vs.
2047 1699 2081 1748 6
2159 1696 2190 1770 ζ

229 1791 590 1868 (ἐσπάραττον
627 1798 689 1848 A.
730 1827 796 1835 —-
838 1795 926 1848 Vs-
964 1795 999 1844 7
1035 1794 1213 1844 Trinc.
1253 1790 1638 1862 ἐπισχναίνων.

1095 1899 1244 1953 ΧΙΙΙ.

502 1981 688 2040 (Ὀταν
726 1985 785 2038 δὲ
820 1982 1232 2055 παρατηροῦντ’
1275 1985 1375 2038 ἴδω
1413 1983 1496 2049 τίς
1529 1984 1762 2058 ἔπταρεν

513 2089 552 2158 ἢ
584 2090 667 2156 τίς
706 2088 985 2156 ἐλάλησεν,
1021 2086 1059 2156 ἢ
1095 2089 1178 2155 τίς
1213 2090 1367 2146 ἐστιν
1401 2089 1432 2146 ὁ
1470 2090 1679 2165 προϊών

516 2199 851 2264 σκοποῦντα,
890 2196 1053 2250 πωλῶ
1089 2198 1290 2253 τοῦτον
1322 2196 1498 2263 εὐθὺς
1535 2199 1594 2253 ἐν
1629 2195 1823 2272 άγορᾷ.

518 2303 668 2379 αὐτῷ
710 2305 916 2375 βαδίζει
954 2307 1051 2358 καὶ
1086 2305 1246 2359 λαλεῖ
1275 2308 1368 2358 καὶ
1408 2302 1717 2376 πτάρνυται

516 2413 743 2476 ἕκαστος
780 2410 954 2481 ἡμῶν,
990 2409 1112 2481 οὐχὶ
1147 2414 1263 2475 τοῖς
1295 2413 1353 2466 ἐν
1392 2412 1458 2488 τῇ
1495 2410 1670 2468 πόλει.

518 2518 586 2571 τά
626 2515 931 2591 πράγμαθ’
967 2515 1039 2582 ὥς
1077 2519 1317 2590 πέφυκεν
1358 2513 1529 2583 οὕτως
1565 2518 1826 2588 γίγνεται.

378 2629 626 2681 Clemens
662 2631 809 2682 Alex.
849 2627 1041 2681 Strom.
1080 2630 1179 2682 Vll
1219 2647 1269 2696 p.
1308 2626 1413 2680 302
1450 2631 1624 2697 Sylb.:
1673 2622 1703 2679 6
1739 2621 1973 2693 κωμικὸς
2025 2622 2083 2675 δὲ
2156 2614 2158 2621 ’

244 2711 514 2784 Φιλήμων
569 2716 662 2768 καὶ
717 2716 951 2768 τοιαῦτα
1004 2712 1260 2787 κωμῳδεῖ
1294 2708 1482 2768 (Ὀταν
1530 2715 1643 2769 κτλ.
1737 2717 1881 2767 Idem
1938 2716 2084 2767 locus

237 2807 375 2873 apud
414 2808 806 2859 Theodoretum
843 2809 945 2858 vol.
986 2808 1056 2860 lV
1093 2825 1145 2874 p.
1176 2808 1277 2857 163
1315 2808 1374 2858 Ο.
1448 2807 1543 2858 Cfr
1575 2809 1802 2858 incertus
1856 2806 2087 2856 Crameri

238 2895 439 2947 Anecd.
480 2897 551 2948 1V
588 2914 639 2963 p.
668 2898 803 2948 25⁰2
842 2893 969 2955 τοὺς
1006 2887 1222 2954 οἰωνοῖς
1257 2894 1351 2945 καὶ
1387 2889 1620 2956 κληδόσι
1650 2892 1961 2963 χρωμένους
1997 2892 2091 2944 καὶ
2134 2895 2154 2908 “

241 2977 272 3032 6
325 2978 591 3050 Φιλήμων
642 2979 672 3034 6
718 2981 952 3052 κωμικὸς
1003 2977 1314 3052 φιλόσοφος
1371 2979 1648 3054 κωμῳδῶν
1711 2979 1838 3051 ἔφη.
1908 2973 2094 3032 ‘'Otav

244 3066 373 3134 ἴδω,
421 3068 627 3141 φησίν,
678 3071 1106 3143 παρατηροῦντα
1144 3067 1226 3131 τίς
1263 3066 1496 3140 ἔπταρεν
1533 3065 1568 3134 ἢ
1605 3068 1687 3132 τίς
1724 3068 2016 3134 ἐλάλησεν,
2060 3063 2097 3133 ἢ

243 3153 328 3218 τίς
361 3155 512 3210 ἐστιν
547 3155 577 3211 ὁ
615 3158 861 3230 προσιών
901 3158 1217 3214 σκοποῦντα
1252 3154 1442 3211 ἀπολῶ
1481 3159 1678 3211 τοῦτον
1712 3155 1902 3220 εὐθύς.
1950 3161 2040 3212 Vs,
2064 3161 2095 3211 1

247 3246 423 3298 editur
475 3239 612 3299 ὅταν
659 3248 762 3300 ἴδω
811 3247 1271 3319 παρατηροῦντα,
1317 3255 1371 3301 et
1409 3267 1481 3302 vs.
1521 3251 1556 3302 4
1592 3245 1781 3320 ἑαυτῷ.
1859 3250 2099 3302 Correxit

246 3335 476 3388 Grotius·
516 3368 585 3378 ·—
621 3340 712 3393 Vn.
751 3342 785 3391 3
822 3337 988 3392 πωλῶ
1023 3336 1220 3390 τοῦτον
1256 3336 1315 3389 ἐν
1344 3333 1540 3410 άγορᾷ,
1576 3340 1610 3392 i.
1637 3358 1685 3392 e.
1721 3355 1874 3391 servo
1912 3341 2096 3407 aequi-

238 3425 546 3495 parandum
582 3441 785 3484 censeo·
857 3430 1008 3485 Servi
1044 3431 1182 3483 enim
1218 3430 1270 3484 in
1307 3429 1427 3483 foro
1467 3431 1674 3484 venales
1710 3429 2027 3499 prostabant.

2157 3447 2177 3516 ς’.
