2202 3918
629 219 960 273 FABULAE
1001 221 1074 273 ΙΝ
1079 219 1383 275 CERTAE.

85 363 400 424 morborum,
438 361 644 428 quicum
684 363 871 415 mulier
909 370 1163 432 perpetuo
1200 377 1346 415 suam

88 458 309 504 aetatem
347 451 506 521 degit.

899 524 1028 577 Vm
1070 540 1118 575 a.

86 610 322 663 Thraces
355 612 563 678 quidem
598 614 671 665 ita
709 618 831 665 sunt
860 626 1065 674 onnes,
1102 623 1199 662 nos
1234 613 1407 662 antem
1446 608 1611 662 Getae

85 699 273 750 eximie
310 706 430 751 ante
466 717 647 753 omnes
683 702 945 767 (namque
979 715 1066 751 me
1100 715 1311 765 quoque
1347 697 1581 750 indidem

89 794 261 839 ortum
300 790 615 856 profiteor),
653 794 1010 857 temperanter
1043 787 1187 839 hand
1225 788 1377 839 nimis

88 893 247 944 agere
282 878 527 929 solemus.
963 913 1043 999 >IX

88 1032 150 1085 Si
184 1034 444 1086 noscitare
483 1039 538 1085 te
576 1034 667 1096 vis,
705 1034 863 1084 itiner
899 1050 1056 1100 quum
1095 1033 1245 1096 flecis,

88 1121 224 1172 viam
260 1138 411 1174 secun
447 1128 780 1174 monumenta
819 1138 952 1189 quae
989 1126 1126 1174 stant
1161 1122 1354 1189 aspice.

89 1225 313 1276 namque
348 1212 422 1262 ibi
458 1211 877 1278 dispulverantur
913 1227 1067 1262 exesa
1103 1227 1258 1262 ossua
1316 1203 1319 1206 ’

92 1315 295 1366 regum,
329 1300 724 1366 sapientumque
760 1306 916 1365 atque
952 1305 1262 1350 summatum
1301 1299 1484 1362 virum,

92 1388 189 1438 sibi
227 1389 313 1454 qui
352 1390 596 1455 placuere
630 1389 918 1450 nobilitate,
957 1387 1240 1454 opulentia,

90 1477 414 1544 pulchraque
448 1477 623 1544 specie
659 1482 713 1529 et
747 1476 949 1528 formae
987 1475 1325 1539 claritudine5

91 1580 311 1630 quorum
348 1565 421 1616 nil
457 1566 624 1632 potuit
665 1565 887 1632 tempori
926 1565 1280 1617 contendere:

92 1668 274 1705 omnes
311 1654 522 1704 easdem
559 1654 768 1704 subiere
807 1652 1027 1706 Orcinas
1063 1653 1226 1708 fores.

89 1740 222 1794 haec
258 1747 314 1793 tu
351 1742 706 1809 contemplans
739 1742 856 1810 ipse
893 1749 947 1794 te
985 1743 1075 1809 qui
1112 1743 1182 1794 sis
1220 1740 1354 1794 vide.

979 1849 1044 1900 X.

92 1936 439 2003 Epicharmus
474 1937 601 1988 istos
638 1936 902 2004 praedicat
938 1938 1088 1989 nobis
1125 1937 1271 2001 ᾱεοε,

96 2040 298 2091 aquam,
333 2025 529 2093 ignem,
564 2028 751 2090 solem,
784 2026 1044 2095 spiritum,
1082 2027 1280 2091 stellas,
1316 2025 1551 2079 humum.

98 2129 198 2181 ego
234 2130 359 2166 vero
395 2114 522 2166 deos
558 2114 788 2183 opiferos
825 2121 982 2182 atque
1021 2116 1298 2183 praestites

94 2217 278 2253 aurum
313 2208 469 2268 atque
505 2209 775 2270 argentum
813 2204 963 2256 nobis
1001 2221 1118 2256 esse
1153 2205 1423 2274 intellego.

93 2289 177 2342 hia
214 2290 494 2343 dedicassis
529 2293 631 2343 rite
665 2291 710 2344 si
746 2298 887 2345 tuam
925 2294 1156 2356 domum,

95 2386 272 2446 optato
312 2379 528 2445 quodvis
563 2383 869 2447 praemium,
908 2387 1139 2449 optatum
1176 2381 1348 2435 feres:

94 2483 266 2535 agros,
302 2467 504 2531 domus,
542 2468 809 2535 familiam,
848 2488 968 2523 vasa
1006 2478 1272 2539 argentea,

93 2561 273 2619 testes,
309 2558 522 2623 amicos,
557 2559 785 2612 iudices:
822 2567 879 2612 tu
918 2561 982 2612 da
1022 2561 1195 2625 modo,

93 2644 235 2713 ipsos
271 2645 488 2698 habebis
526 2649 576 2699 in
616 2649 905 2701 ministerio
945 2649 1090 2701 deoS.

976 2755 1070 2807 Xl.

98 2839 156 2892 Sl
193 2841 308 2908 quis
345 2842 553 2895 labores
590 2845 761 2896 nullos
802 2845 1188 2908 detrectaverit,

99 2930 191 2979 flet
228 2929 589 2999 quodcumque
628 2933 797 2983 volet:
837 2933 980 2984 dives
1018 2933 1367 3000 aliquatenus3

101 3023 191 3068 aut
230 3018 388 3069 etiam
426 3021 649 3087 sapiens,
686 3022 950 3089 ingenium
988 3023 1032 3073 si
1071 3031 1343 3086 exerceat3

98 3113 189 3157 aut
227 3121 399 3169 sanus,
436 3109 655 3175 rigidam
694 3111 974 3162 observans
1011 3111 1179 3162 victus
1215 3113 1470 3180 regulam.

98 3193 192 3245 sed
231 3209 332 3245 una
368 3211 453 3247 res
491 3203 570 3249 est
605 3198 761 3250 nullis
799 3214 932 3266 quae
968 3200 1231 3252 laboribus

99 3287 276 3350 potest
313 3285 500 3350 parari,
538 3302 727 3354 perpes
763 3286 1064 3340 indolentia.

104 3386 220 3423 nam
259 3388 362 3425 non
401 3373 614 3428 adversa
651 3380 849 3427 tantum
885 3376 1198 3428 moestitiam
1236 3375 1430 3441 ferunt,

101 3459 193 3511 sed
231 3466 284 3512 et
321 3462 547 3515 secunda
584 3464 790 3531 pariunt
825 3463 1243 3519 sollicitudinem.

1828 228 1935 280 wo
