2202 3918
646 200 743 255 111
749 198 970 256 TTOK
972 198 1087 255 ΟΠ
1088 197 1134 256 0
1145 198 1486 259 ΥΜΕΝΟΣ.
1918 210 2004 263 -19

143 337 532 415 Παρεισιόντι.»
557 341 703 414 Περὶ
749 339 1100 398 τούπτάνιον·
1130 342 1247 400 κτλ.
1330 347 1534 414 Quibus
1580 348 1754 402 verbis
1795 349 1904 404 ille‘
1922 347 2002 423 τῷ

139 429 516 504 τραπεζοποιῷ
542 435 893 503 ‘importunam
926 435 1245 504 diligentiam
1284 437 1579 502 exprobrat.
1617 437 1808 490 Similia
1828 439 2000 492 Plauti

140 524 286 576 iocus
334 525 565 576 Mostell.
614 526 730 577 init.
801 527 936 589 „Exi
984 542 1014 576 e
1070 525 1241 577 culina
1276 557 1346 566 —-
1394 524 1479 591 qui
1519 525 1590 575 mi
1626 525 1763 576 inter
1798 529 1998 593 patinas

141 612 357 664 exhibea
394 614 671 680 argutiaa”.
755 614 845 667 Va.
886 615 910 664 l
965 606 1300 664 τούπτάνιον
1336 614 1490 667 ΑΒΡ.
1534 607 1896 665 τούπτάνειον
1930 617 1996 671 V.

139 693 505 751 τούπτανεῖον
541 703 601 754 L.
676 703 808 756 lbid.
846 703 982 755 ABP
1013 697 1241 769 γίνεται.
1312 702 1451 754 Tum
1498 703 1618 754 libri
1669 700 1998 773 σκεπτωρία.

142 790 381 842 Correxit
394 795 514 859 post
529 791 818 844 Pul-sanum
835 791 1721 860 apudVillebrunium'Schneiderua
1738 792 1794 846 in
1809 793 1998 848 lexico.

572 1012 1139 1079 HITTOKOIIO
1167 1012 1557 1068 ΥΜΕΝΟΣ.

1056 1123 1098 1176 1.
1256 1110 1259 1113 ’

415 1221 568 1278 Ἴδοὺ
602 1222 884 1299 πάρεστιν,
918 1224 991 1291 ὥς
1028 1223 1193 1300 ὁρᾷς·
1232 1219 1569 1299 τριτημόρου

419 1324 658 1397 ἕκαστος’
682 1329 838 1404 ὑμῶν
872 1322 1085 1400 ἦλθεν·
1124 1327 1200 1397 εἰς
1236 1331 1365 1397 τοὺς
1400 1333 1666 1406 τέτταρας

418 1437 645 1509 εἴληφεν
682 1436 812 1510 ὑμῖν
849 1437 1042 1494 οὐτοσὶ
1079 1435 1405 1512 τριώβολον.

280 1553 468 1606 Pollux
492 1555 562 1606 lX
582 1556 679 1606 66:
717 1544 807 1605 ὅτι
844 1552 903 1606 δὲ
941 1552 1068 1617 τοὺς
1103 1548 1164 1621 ἓξ
1195 1550 1434 1624 χαλκοῦς
1473 1546 1832 1626 τριτημόριον
1862 1548 1999 1606 ω’νό-

136 1638 341 1708 μαζον,
387 1638 540 1694 ἔστιν
587 1637 761 1711 εὑρεῖν
796 1640 856 1694 ἐν
892 1642 966 1716 τῷ
1009 1640 1329 1712 Φιλήμονος
1365 1638 1624 1715 Σαρδίῳ·
1679 1676 1749 1688 -
1785 1643 1883 1696 καὶ
1917 1638 2001 1703 ἔτι

138 1729 333 1800 σαφῶς
369 1728 428 1782 ἐν
476 1729 552 1804 τῷ
590 1731 1093 1806 Πιττοκοπουμὲνῳ
1138 1727 1294 1785 Ἰδοὺ
1333 1726 1597 1802 πάρεστιν
1630 1730 1745 1787 κτλ.
1835 1735 1928 1789 Va.
1965 1736 2000 1786 2

140 1816 268 1881 τοὺς
304 1822 503 1872 addidit
525 1821 781 1875 Clericus.
837 1822 1034 1875 Ibidem
1071 1826 1191 1875 libri
1228 1820 1521 1892 τέσσαρας.
1570 1852 1640 1862 —-
1677 1823 1769 1875 Vs·
1802 1823 1837 1873 3
1876 1830 1998 1876 ante

139 1910 346 1964 Hemat.
384 1905 519 1980 ἡμῖν
556 1918 609 1964 et
647 1905 871 1966 οὑτωσί.
946 1913 1171 1967 Sensum
1207 1913 1310 1965 loci
1350 1912 1595 1980 explicuit
1629 1911 1915 1964 Bentleiua.

1039 2046 1109 2097 Π.

651 2143 882 2215 Ὀβολοῦ
918 2145 981 2199 τὸ
1015 2146 1237 2220 πρῶτον
1264 2142 1401 2217 ἡμῖν
1440 2145 1642 2216 ἐνέχεεν

279 2253 375 2306 καὶ
410 2249 685 2322 τεττάρων
713 2252 935 2322 χαλκῶν
968 2252 1108 2323 μετά
1148 2251 1347 2307 ταῦτα.
1420 2252 1493 2307 Β.
1531 2252 1625 2304 καὶ
1659 2247 1814 2320 μάλα

279 2354 395 2429 τρί’
430 2354 737 2429 ἦμιωβόλι”
771 2357 916 2413 ἐστὶ·
950 2358 1161 2431 χαλκοῦ
1196 2356 1418 2432 θερμὸν
1452 2345 1540 2425 ἦν.

281 2487 473 2542 Pollux
512 2492 585 2544 lx
623 2494 721 2545 66:
775 2482 863 2544 ὅτι
900 2490 958 2543 δὲ
997 2491 1051 2543 οἱ
1100 2491 1358 2561 τέσσαρες
1399 2488 1605 2559 χαλκοῖ
1634 2481 2003 2558 ἡμιωβόλιον,

138 2569 291 2627 ἔστιν
353 2575 413 2629 ἐν
459 2576 535 2650 τῷ
590 2574 739 2652 αὐτῷ
789 2575 1033 2651 δράματι
1090 2575 1409 2649 Φιλήμονος
1457 2573 1773 2649 εἰρημένον·
1831 2574 1995 2646 Ὁβο-

136 2662 238 2717 λοῦ
287 2662 352 2717 τὸ
390 2665 610 2736 πρῶτον
661 2665 795 2739 ἡμῖν
844 2669 1072 2739 ἐνεχθὲν
1121 2671 1216 2721 καὶ
1253 2663 1529 2736 τεττάρων
1560 2665 1807 2735 χαλκοῦν·
1853 2661 1995 2737 μετά

135 2752 343 2806 ταῦτα·
389 2757 484 2807 καὶ
533 2754 690 2825 μάλα
728 2754 1173 2829 τριημιοβολίαι’
1213 2754 1361 2810 ἐστι’·
1398 2756 1607 2827 χαλκοῦ
1644 2752 1865 2825 θερμὸν
1902 2742 1992 2819 ἦν.

136 2845 406 2898 Postrema
456 2848 647 2900 iterum
698 2852 938 2919 apposuit
986 2851 1059 2902 IX
1107 2852 1208 2901 70:
1267 2847 1421 2899 τουτὶ
1485 2845 1676 2915 μέντοι
1729 2842 1795 2898 τὸ
1840 2843 1994 2914 παρά

142 2928 422 3001 Φιλήμονι
478 2935 730 3002 „laianu
778 2934 995 3007 θερμὸν
1050 2924 1162 3000 ἧν”
1217 2932 1472 3006 ἄντικρυς
1527 2934 1694 2999 δηλοῖ
1738 2932 1842 2999 τὴν
1894 2931 1995 2986 τοῦ

135 3020 359 3091 θερμοῦ
412 3018 596 3077 πόσιν.
683 3028 953 3095 Adam-ipsi
1007 3029 1180 3079 locum
1232 3034 1290 3079 ut
1343 3029 1613 3081 emendavi
1661 3029 1715 3078 in
1764 3026 1994 3079 editione

138 3113 320 3181 prima.
380 3114 510 3164 Puta
547 3115 721 3167 induci
758 3135 789 3168 a
826 3124 980 3185 poeta
1020 3118 1195 3167 nescio
1235 3110 1363 3183 quoa
1401 3119 1653 3169 rationem
1690 3120 1995 3182 computan-

136 3207 217 3254 tea
256 3218 465 3265 eorum,
507 3219 638 3270 quae
675 3206 725 3256 in
767 3208 1013 3269 taberna,
1040 3191 1094 3257 vsi
1132 3206 1298 3270 sorte,
1337 3208 1531 3259 vinaria
1570 3206 1993 3258 consumsianent.

138 3291 397 3354 Primum,
436 3307 569 3343 unua
607 3308 786 3345 eorum
824 3296 1020 3361 inquit,
1060 3294 1213 3346 obolo
1253 3296 1399 3348 nobis
1439 3312 1602 3363 caupo
1641 3293 1835 3346 infudit
1872 3293 1991 3356 (bi-

137 3379 362 3431 bendum
403 3380 605 3444 dedit),
641 3389 825 3449 poatea
862 3392 1103 3450 quattuor
1141 3385 1351 3437 chalcis.
1416 3384 1610 3446 Recte,
1647 3382 1809 3435 infert
1846 3382 1993 3443 aliua,

134 3483 336 3522 aumma
373 3471 628 3523 rationum
666 3473 831 3525 tribua
869 3479 1069 3526 constat
1106 3475 1420 3527 semiobolis.
1472 3474 1672 3541 Quibus
1698 3472 1848 3524 dictis
1886 3471 1993 3522 siu-

1545 3563 1581 3615 2
1619 3564 1642 3589 ⁴:
