2202 3918
787 222 842 275 ‹1›
853 209 1292 277 οΙΝΙΚΙΛΗΣ
1817 179 1825 184 ⁴*
1857 235 1965 288 547

103 378 163 425 nt
200 373 264 424 ab
305 372 615 430 Athenaeo,
652 387 714 420 au
762 364 962 432 Φοίνξι
933 403 989 430 ,
1027 378 1083 422 ut
1120 371 1184 422 ab
1221 326 1380 420 suida
1419 376 1656 435 vocatur,
1708 377 1964 431 incertum

105 467 200 512 est.
258 488 329 497 ·—
403 460 490 511 νε.
519 460 554 508 3
591 476 685 525 pro
725 448 821 509 δ”σ
862 450 933 507 ἂν
970 456 1097 527 λέγῃ
1135 458 1375 509 Philemo
1412 453 1557 506 ώνπε
1536 475 1592 524 ρ
1626 458 1782 527 λέγει.
1857 467 1962 517 lbi-

99 549 217 599 dem
263 565 359 615 pro
414 543 579 597 καινὰ
633 549 778 600 ABG
818 540 962 597 κενά.
1027 579 1095 589 --
1163 546 1249 598 Vs.
1288 546 1322 595 4
1370 552 1515 596 recte
1569 548 1805 603 Philemo
1856 548 1961 623 γάρ

95 632 228 686 ἐστι.
269 669 335 678 --
377 637 465 688 νε.
489 637 523 687 8
555 632 744 705 χολᾷς.
785 638 817 688 i.
840 655 886 688 e.
925 630 1281 702 μελαγχολᾶς,
1322 634 1409 699 qui
1448 638 1796 690 recentiorum
1834 658 1959 696 usus

96 729 194 776 est.
269 725 331 777 V.
373 725 437 775 ad
477 726 787 792 Antiphanis
829 725 1011 791 fragm.
1054 742 1103 791 p.
1147 724 1252 774 158
1291 728 1343 772 et
1380 723 1529 789 Diog.
1570 725 1743 778 Laert.
1783 727 1853 779 lX
1889 733 1958 781 66

89 805 335 879 χολήσας
387 828 437 861 τι
486 810 609 879 περὶ
655 809 752 872 τῆς
798 807 1058 881 ἀδελφῆς.
1146 812 1343 863 Ibidem
1392 804 1678 876 γινώσκειν
1727 815 1834 867 ΑΒ.
1889 846 1952 856 .-

94 903 184 954 νε.
225 901 293 951 17
347 892 729 965 ἢγανάκτησ’,
778 901 830 951 h.
870 918 918 952 e.
967 893 1347 965 ἠγανάκτησε,
1388 901 1725 952 casaubonus
1782 907 1835 952 et
1895 904 1953 955 P.

90 979 450 1052 ἠγανάκτησα
488 990 548 1039 Β.
589 980 946 1053 άγανάκτησ’
993 990 1099 1040 VL.
1149 1021 1216 1029 -—
1259 989 1346 1039 νε.
1389 988 1455 1037 18
1496 981 1808 1054 δαιτυμόνα
1849 990 1956 1044 PL.

90 1069 415 1141 ὁαιτυμώνα
457 1078 518 1129 V.
558 1070 899 1144 δαιτυμόνας
937 1076 1090 1129 ABG.
1169 1077 1298 1127 lbid.
1338 1071 1536 1126 σκαιὸν
1572 1078 1723 1130 PVL.
1762 1075 1958 1130 καινὸν

88 1166 195 1217 Ac,
234 1164 330 1215 καὶ
366 1157 434 1214 οὐ
472 1168 529 1217 Β.
589 1197 656 1205 —-
716 1168 805 1219 νε.
848 1167 914 1216 19
953 1158 1086 1214 θύει
1125 1165 1289 1231 prima
1329 1165 1474 1215 brevi
1513 1165 1640 1216 dixit
1677 1170 1735 1217 ut
1771 1183 1845 1219 vs.
1883 1169 1954 1221 20

89 1247 157 1303 οὐ
192 1247 323 1303 θύω
359 1251 516 1319 βοῦν.
594 1255 687 1306 cn·
723 1256 860 1306 nist.
901 1254 1015 1304 crit.
1057 1271 1105 1320 p.
1146 1254 1268 1303 428.
1318 1255 1405 1304 ubi
1457 1255 1596 1320 quod
1642 1255 1747 1306 dixi
1785 1248 1954 1307 θύειν

89 1343 283 1394 veteris
323 1344 627 1395 comoediae
683 1325 866 1411 poetas
916 1348 1216 1393 constanter
1267 1342 1591 1409 producere,
1640 1344 1688 1394 ei
1726 1360 1828 1395 non
1866 1362 1954 1397 re-

91 1438 291 1498 pugnat
330 1433 599 1500 Aristoph.
632 1433 855 1484 Acharn.
878 1433 984 1482 792
1022 1425 1314 1490 κάλλιστος
1353 1424 1510 1481 ἔσται
1542 1431 1728 1500 χοῖρος
1758 1426 1952 1503 Ἀφρο-

89 1514 223 1588 δίτᾳ
271 1515 467 1579 θύειν,
517 1538 651 1586 quae
697 1522 1027 1588 Megareusis
1080 1522 1238 1571 verba
1276 1527 1414 1571 sunt.
1494 1522 1710 1571 Praeter
1748 1521 1950 1574 Strato-

87 1622 207 1657 nem
246 1623 309 1657 ex
347 1607 532 1659 Atticis
570 1610 742 1674 poetis
782 1609 868 1673 qui
907 1600 1075 1655 θέειν
1113 1609 1276 1672 prima
1328 1610 1472 1658 brevi
1510 1609 1698 1657 dixerit
1750 1610 1950 1662 nullum
1977 1658 1994 1672 χ

0 1727 1 1751 ;
85 1696 206 1747 novi
244 1696 342 1746 nisi
381 1696 686 1762 Euripidem
727 1698 924 1748 Electr.
967 1696 1121 1746 1136.
1176 1712 1330 1761 quem
1382 1697 1532 1746 attuli
1570 1695 1633 1745 ad
1672 1697 1950 1748 Menandri

83 1784 272 1852 fragm.
295 1784 377 1835 ed.
402 1787 519 1835 mai.
541 1803 590 1852 p.
614 1786 735 1836 254.
778 1775 908 1836 Nam
949 1786 1016 1835 de
1055 1785 1364 1851 Antiphanis
1403 1785 1592 1852 fragm.
1631 1785 1949 1839 iuc.XXVll

83 1890 172 1925 res
220 1874 421 1924 incerta
474 1881 571 1926 est.
663 1875 926 1925 Heniochi
984 1881 1158 1924 autem
1206 1876 1380 1936 Ιοοιιε,
1437 1889 1538 1939 quo
1585 1873 1778 1924 ibidem
1826 1890 1950 1926 usus

87 1978 221 2023 eum,
257 1962 364 2012 huc
400 1979 502 2013 nou
544 1963 787 2028 pertinet.
863 1963 992 2013 lbid.
1030 1957 1375 2029 ἐρυσίχθονα
1412 1967 1556 2011 recte
1596 1962 1661 2012 de
1702 1961 1834 2013 bove
1870 1964 1950 2015 in-

87 2050 360 2115 tellegunt.
400 2049 497 2100 Cfr
535 2039 829 2100 Lobeekius
867 2051 1124 2116 Aglaoph.
1168 2069 1216 2116 p.
1244 2051 1366 2100 856.
1443 2050 1548 2099 Sed
1585 2050 1753 2115 possis
1794 2052 1948 2102 etiam

87 2138 156 2188 de
203 2153 299 2187 oue
347 2138 432 2187 cll.
483 2138 784 2203 llesychio,
835 2131 1179 2204 Βωλαὶρυγαε
1228 2134 1325 2187 τὸν
1375 2132 1494 2187 σῦν.
1552 2131 1828 2198 Λάκωνες.
1878 2171 1947 2181 -—-

86 2227 176 2279 Vs.
214 2227 279 2277 21
320 2220 418 2291 ἐγώ
459 2225 561 2290 μὲν
598 2219 665 2275 οὔ
705 2227 856 2278 rvr..
933 2229 1174 2278 omittunt
1212 2219 1280 2276 οὔ
1316 2210 1471 2279 ΑΒΟ.
1544 2226 1946 2294 Schweighaeu-

83 2330 232 2367 eerua
267 2308 367 2380 ἐγώ
406 2314 509 2380 μὲν
545 2299 660 2363 σύν.
708 2316 889 2366 Malim
926 2310 1087 2381 ἔγωγε
1126 2315 1243 2383 μέν.
1301 2347 1368 2355 --
1421 2316 1508 2366 νε.
1548 2317 1617 2364 22
1657 2312 1714 2363 δὲ
1750 2332 1847 2382 pro
1883 2309 1942 2364 δ’

84 2404 238 2456 BCP.
309 2436 378 2444 —
433 2404 523 2455 νε.
561 2402 632 2452 23
679 2410 931 2467 sequutus
978 2420 1090 2455 sum
1144 2405 1437 2454 Dobraeum
1477 2402 1607 2454 Adv.
1647 2396 1694 2452 Π
1732 2420 1782 2469 p.
1822 2405 1944 2455 322.

79 2492 253 2558 Vulgo
292 2482 542 2558 πρόβατ’
582 2483 650 2539 οὐ
684 2485 984 2557 μανθάνω.
1045 2494 1345 2545 Dindorfius
1383 2493 1554 2543 locum
1588 2492 1658 2542 ita
1697 2492 1946 2559 supplen-

75 2580 199 2632 dum
237 2580 474 2631 coniicit:

330 2663 618 2736 οὐδέτερον
656 2661 857 2727 αὐτυᾙν
898 2662 1207 2736 προβάτιον
1249 2664 1325 2728 (δ’,
1365 2664 1508 2739 ἔφην
1545 2663 1666 2735 ἐγώ.

330 2751 548 2818 οὐκοῦν,
585 2752 712 2826 ἔφη,
750 2753 817 2806 τὰ
856 2754 1007 2823 μῆλα
1047 2750 1316 2825 πρόβατ’.
1360 2755 1425 2807 ού
1462 2751 1768 2823 μανθάνω.

36 2844 324 2924 OEpitome
362 2847 494 2898 haec
531 2846 653 2896 iude
691 2863 721 2897 a
763 2848 937 2898 verbis
977 2840 1177 2895 ούκοῦν
1214 2841 1322 2914 ἐφη
1360 2862 1526 2913 usque
1565 2847 1628 2897 ad
1668 2863 1742 2899 vs.
1768 2847 1839 2897 30
1876 2848 1948 2898 ita
2011 2867 2016 2874 ¹

36 2938 360 2988 'muti-uit.
397 2930 495 2985 οὐκ
534 2948 651 2993 ουν,
695 2929 819 3002 ἔφη,
859 2930 928 2984 τά
962 2931 1113 3002 μῆλα
1152 2929 1412 3004 πρόθατα
1450 2924 1677 3005 ὅμηρος
1695 2925 1948 3003 (ὅμηρον

39 3010 203 3109 θυμία.
244 3023 515 3086 ΗοεεοΙι.)
564 3016 664 3072 οὐκ
702 3010 884 3074 οἶσθα
936 3021 1185 3089 λέγοντα.
1263 3017 1569 3090 ὁμηρικῶς
1585 3018 1689 3091 γὰρ
1729 3018 1945 3085 διανοῆ.

45 3111 137 3153 ‘k-
186 3113 276 3166 νε.
316 3113 386 3164 24
438 3113 777 3164 Caoaubouus
820 3107 982 3178 ἔγωγε
1025 3105 1252 3164 τούτων.
1331 3112 1506 3163 Ροεείε
1546 3112 1701 3163 etiam
1737 3105 1948 3161 τούτων

30 3186 360 3256 ὖιῆπᾰντων.
437 3233 503 3242 --
581 3201 668 3254 νε.
705 3203 778 3252 26
826 3218 921 3268 pro
973 3187 1130 3261 οἶδας
1169 3203 1207 3252 Β
1259 3186 1405 3251 οἶδα.
1483 3199 1625 3251 ldem
1674 3192 1810 3266 μάλ’
1852 3216 1946 3267 pro

78 3280 251 3355 μάλα.
322 3322 393 3332 -—
468 3290 556 3342 νε.
595 3290 664 3340 27
717 3284 903 3355 βούλει
955 3286 1031 3360 τῷ
1080 3283 1305 3357 μάγειρ’
1347 3283 1630 3358 (μαγείρῳ
1667 3290 1750 3354 Β)
1790 3288 1945 3341 PVL.

0 3416 2 3429 .
79 3370 300 3444 βούλετ’
339 3363 383 3427 ὦ
423 3370 649 3445 μάγειρ’
690 3377 1044 3431 casaubonus.
1101 3371 1353 3444 βούλοιτ’
1391 3362 1434 3427 ὦ
1471 3370 1694 3445 μάγειρε
1734 3378 1945 3428 Coi-aes.

0 3505 3 3526 ‚
79 3462 408 3534 Dindorflus.
484 3496 552 3506 —-
618 3464 706 3518 νε.
744 3468 816 3517 30
847 3461 1155 3536 Ὀμηρικός
1190 3459 1312 3535 γάρ,
1351 3471 1408 3517 ut
1439 3465 1543 3517 sint
1581 3467 1734 3533 coqui
1772 3465 1946 3525 verba,

1463 3553 1531 3602 35
1571 3551 1593 3574 ’
