2202 3918
516 146 1041 203 APOLLODOREIS
1078 148 1494 209 CARYSTlUS.

90 293 244 346 vitam
281 291 474 359 agere?
510 295 703 356 quanto
740 306 828 342 res
864 306 923 342 se
958 290 1216 342 haberent
1251 295 1454 347 suavius

89 387 295 434 nostras
329 395 427 446 per
462 380 638 441 urbes,
674 379 830 429 istum
869 379 1076 429 vivendi
1113 377 1325 431 modum

9 517 11 535 ,
92 470 138 522 si
173 473 491 520 mutaremus
524 467 728 535 placitis
766 467 1121 518 mollioribus:

9 547 11 590 {
90 557 441 610 Athenienses
478 572 642 623 usque
679 555 745 606 ad
783 556 1090 606 tricenarius

90 651 326 712 potatum
364 650 422 696 ut
456 645 593 696 irent
630 660 828 707 omnes,
867 646 1071 711 equites
1107 646 1393 710 pergerent

93 733 403 785 Corinthum
440 733 778 785 comessaturi
814 732 870 783 in
907 733 1071 783 denos
1110 732 1222 783 dies

9 889 11 895 Ι
93 822 275 873 certati
311 828 365 872 et
400 823 709 889 unguentati
743 822 868 873 inde
903 838 934 871 a
970 821 1220 883 diluculo,

93 910 331 961 venirent
366 909 600 976 Megaris
637 911 915 961 brassicam
954 909 1042 974 qui
1080 908 1387 971 venderent,

94 996 300 1047 adirent
335 996 459 1046 laeti
494 1001 671 1047 nostra
709 997 835 1046 socii
871 997 1075 1057 balnea,

95 1084 378 1136 miscerent
410 1084 583 1135 vinum
620 1085 943 1136 Euboicum:
986 1100 1017 1134 o
1057 1083 1270 1135 delitiae
1307 1100 1501 1148 merae,

97 1187 131 1224 o
165 1188 290 1223 vera
325 1173 456 1225 vita!
494 1189 632 1226 nunc
668 1173 837 1226 Genio
874 1173 1061 1225 immiti
1096 1188 1158 1226 ac
1193 1173 1311 1226 fero

99 1262 371 1315 servimus.

687 1413 1361 1471 ΔΙΑΒΟΛΟΣ.

100 1523 292 1577 Furem
325 1525 476 1574 vecte
512 1523 839 1591 oppilamns=
877 1529 929 1577 at
965 1541 1118 1578 nemo
1155 1525 1364 1578 iuterim

100 1611 235 1663 adeo
271 1610 565 1663 obseratam
600 1613 806 1665 ianuam
846 1613 977 1666 fecit
1013 1614 1181 1678 faber,

100 1715 234 1766 qnae
269 1714 374 1752 non
410 1699 507 1751 reli
541 1707 750 1769 pateret
787 1709 944 1769 atque
980 1704 1237 1755 adultero.

710 1874 1415 1930 1EPEIA.·

106 1981 214 2034 lam
250 1981 424 2045 modo,
459 1984 535 2035 sic
571 1984 732 2049 aiunt,
770 1985 1121 2053 Chaerephon
1160 1985 1226 2038 ad
1265 1985 1470 2054 nuptias

104 2085 205 2123 nec
240 2070 518 2123 advocatus
553 2073 695 2124 venit
730 2073 783 2126 in
822 2075 1079 2142 Ophellae
1109 2075 1339 2127 domum.

104 2174 223 2211 nam
252 2175 351 2227 per
386 2161 627 2213 tenebras
663 2159 778 2215 cum
816 2179 1013 2217 cornua
1050 2169 1104 2215 et
1138 2164 1372 2232 sportula

104 2263 239 2300 nova
272 2263 304 2299 a
339 2248 524 2301 marita
559 2267 720 2318 pavos
759 2258 814 2304 et
851 2268 971 2304 aves
1010 2252 1253 2306 dictitans

104 2350 165 2389 se
198 2334 361 2401 ferre,
394 2337 665 2406 ingressus
700 2341 772 2393 ibi
811 2341 1048 2394 coenavit
1085 2340 1299 2394 affatim.

604 2513 1466 2572 IIPOIKIZOMENH.

778 2611 847 2662 At
884 2607 1065 2659 villum
1102 2603 1341 2660 Hercule

107 2689 180 2741 lta
214 2690 510 2758 improbum
548 2691 667 2758 fuit,
701 2701 762 2747 nt
797 2713 882 2748 me
920 2696 1350 2765 dispudeseeret:

107 2792 226 2830 nem
261 2777 410 2831 fundi
446 2781 664 2836 aliorum
702 2786 833 2837 ficus
869 2786 1089 2853 gignunt
1125 2785 1375 2848 scidulas,

109 2871 162 2918 at
196 2873 390 2932 noster,
425 2877 671 2936 qnantum
708 2875 999 2942 comperio,
1036 2875 1167 2926 vites
1205 2889 1429 2941 qnoque.

569 3052 626 3104 Σ
662 3051 719 3107 Φ
757 3053 817 3107 Α
860 3054 913 3106 T
949 3054 1002 3106 T
1039 3051 1084 3106 Ο
1122 3052 1196 3106 Μ
1229 3056 1283 3108 E
1314 3055 1369 3108 Ν
1408 3056 1493 3109 Η.

108 3139 336 3192 Martem
375 3146 430 3193 et
466 3142 769 3212 Vicepotam
805 3159 1008 3198 sacrum
1044 3144 1111 3196 ad
1149 3145 1252 3198 hoc
1287 3152 1504 3215 propter
1541 3148 1673 3202 viam

107 3243 265 3280 voco:
304 3228 758 3301 Chaerephontem
793 3236 997 3288 simltne
1035 3250 1153 3286 nam
1192 3236 1282 3304 pol
1320 3237 1372 3288 ni
1410 3252 1609 3301 vocem,

108 3320 191 3371 vel
228 3334 330 3372 non
367 3328 579 3374 vocatus
614 3322 765 3374 adsit.
