2202 3918
231 203 338 256 644
813 189 820 195 ’
928 156 1379 254 FRAGMENTA

238 362 331 398 cus
369 343 508 412 opud
546 341 712 395 schol.
752 342 972 395 Homeri
1012 341 1157 395 Iliad.
1194 334 1236 391 ω’
1276 336 1719 411 4283ΰΛιόνυσον
1753 336 1854 394 τὸν
1888 338 1948 394 ἒν
1976 340 2103 394 Πα-

238 432 475 499 γασαῖς,
526 425 586 492 ὃς
622 429 864 481 ἐκαλεῖτο
901 427 1141 489 Πέλεκος
1188 429 1523 497 (Πέλεκυς).
1597 432 1878 485 verissime
1930 436 2105 484 autem

238 522 497 588 Ilesychii
533 522 757 588 glossam
795 535 879 569 me
918 519 1323 584 interpretatum
1362 535 1479 570 esse
1517 519 1706 570 docent
1741 523 1900 573 verba
1937 522 2104 574 schol.

240 611 509 678 Aristoph.
551 610 757 660 Eccles.
779 609 877 658 77·
912 599 1135 672 Λάμιός
1172 621 1254 664 τις
1292 604 1456 667 πένης
1493 605 1588 656 καὶ
1622 601 1733 657 ἀπὸ
1771 603 2108 678 ξυλοφορίας

241 695 391 761 ζων
439 698 591 765 Quod
627 696 767 746 addit
804 696 857 745 in
894 696 1001 746 fine
1038 695 1244 745 articuli
1282 696 1600 762 HesychiuS,
1654 694 1866 762 λέγεται
1906 694 1962 745 δὲ
2001 696 2098 747 καὶ
2200 767 2202 773 Κ

240 780 560 849 Γνησίθεός
596 801 677 844 τις
713 780 768 847 ἐξ
804 779 1073 832 ἐπιθέτου
1108 776 1357 848 Λάμιος,
1404 785 1470 834 ad
1509 786 1665 835 alium
1705 786 1940 836 Lamium
1981 802 2107 852 spe-

170 900 186 927 ·,,
244 879 387 927 ctare
425 875 649 926 videtur.
734 872 888 939 Quod
924 871 1120 922 indicat
1160 873 1316 922 etiam
1357 871 1532 923 Photii
1567 874 1742 940 glossa
1778 891 1829 939 p.
1868 875 1974 924 206
2009 874 2109 924 213

240 958 461 1031 Λάμιος
525 955 768 1011 ἐκαλεῖτό
822 975 906 1019 τις
958 953 1306 1021 Ἀθήνησιν.
1385 950 1558 1020 οὕτως
1612 960 1706 1010 καὶ
1752 956 2108 1023 Μνησίθεος.

246 1055 396 1119 Quae
434 1052 510 1103 sic
546 1050 831 1115 intelleget
878 1040 1098 1112 Λάμιος
1135 1064 1324 1099 nomen
1364 1050 1631 1115 proprium
1672 1055 1750 1101 est
1788 1051 1912 1102 civis
1946 1050 2112 1104 Athe-

246 1140 467 1202 niensis,
506 1139 601 1190 sed
640 1138 827 1189 eodem
865 1137 1076 1186 nomine
1098 1137 1424 1190 Mnesitheus
1461 1138 1821 1204 appellabatur
1856 1134 2113 1189 ἐπιθετι-

246 1225 367 1288 mag.
444 1226 538 1278 cn·
573 1226 674 1277 vol.
716 1223 790 1275 111
830 1241 882 1291 p.
920 1223 1043 1274 482.
1088 1249 1110 1262 -

1025 1333 1047 1357 *
1087 1328 1319 1383 CLVIII.

391 1437 713 1506 Hesychius,
749 1429 1210 1501 Λασίσματαε
1251 1428 1324 1495 ὠς
1360 1432 1638 1505 σοφιστοῦ
1666 1433 1766 1487 τοῦ
1785 1432 1984 1490 Λάσου
2017 1438 2114 1491 καὶ

248 1521 618 1579 πολυπλόκου.
691 1527 882 1577 Lasum
920 1525 1044 1575 dicit
1077 1525 1534 1594 Hermionensem,
1573 1527 1950 1579 nobilissimum
1987 1545 2113 1596 poe-

247 1624 353 1669 tam
406 1615 872 1683 dithyrambicum‚
920 1614 1069 1663 cuius
1118 1613 1435 1679 multiplices
1481 1615 1756 1666 modorum
1806 1616 1973 1666 flexus
2023 1616 2111 1682 qui

248 1712 432 1759 notare
478 1705 643 1755 voluit
688 1708 845 1769 poeta
893 1702 1153 1765 comicus,
1205 1695 1569 1767 λασισμὰτων
1606 1704 1815 1754 nomine
1853 1719 1977 1755 usus
2015 1710 2111 1756 est.

21 1811 36 1824 ·
113 1811 121 1814 ‘
155 1852 158 1854 μ
248 1795 362 1848 Nisi
399 1793 538 1844 forte
575 1806 638 1842 eo
677 1790 883 1841 nomine
921 1789 986 1838 ad
1023 1796 1290 1861 versutum
1316 1790 1493 1841 nescio
1532 1791 1678 1841 cuius
1717 1791 1849 1841 vafri
1886 1789 2111 1843 hominis

251 1883 519 1957 ingenium
557 1878 951 1945 significandum
989 1893 1113 1929 usus
1151 1884 1249 1929 est.
1334 1879 1410 1929 Ac
1445 1877 1671 1929 fortasse
1708 1884 1897 1945 poetae
1932 1896 2112 1934 versus

249 1971 338 2022 hic
367 1969 494 2022 fuit:
534 1965 695 2017 ταυτὶ
734 1960 1013 2035 σοφιστοῦ
1045 1958 1397 2015 πολυπλόκου
1433 1960 1775 2034 λασίσματα.

1091 2109 1273 2161 CLIX.
1508 2119 1534 2125 ”

395 2216 717 2285 Hesychius,
744 2207 1171 2282 Λιθωμόται
1212 2206 1632 2283 δημηγόροιε
1670 2211 1762 2265 ἐπὶ
1797 2211 1899 2267 τοῦ
1932 2212 2109 2270 λίθου

253 2301 536 2374 ὀμνύντες.
610 2298 640 2354 ὁ
680 2301 738 2353 δὲ
775 2299 943 2363 λίθος
980 2300 1039 2354 τὸ
1079 2301 1137 2353 ἐν
1185 2298 1252 2376 ‘cf
1288 2299 1428 2374 θείᾳ
1466 2299 1727 2375 ἐκκλησίᾳ
1781 2304 1952 2374 βῆμα.
2025 2309 2113 2360 In-

252 2400 517 2462 terpretes
558 2392 874 2458 intellegunt
923 2408 1100 2464 sacros
1166 2393 1561 2443 concionatores
1621 2399 1674 2444 et
1723 2391 1878 2462 βῆμα
1946 2396 2111 2464 expli-

255 2489 376 2535 cant
415 2484 482 2533 de
521 2485 772 2547 suggestu
808 2480 861 2530 in
901 2480 1136 2548 ecclesiis
1176 2479 1602 2531 Christianorum.
1678 2482 1814 2532 Mihi
1849 2485 1996 2535 locus
2041 2485 2110 2537 de

252 2571 427 2623 atticis
465 2571 760 2621 oratoribus
799 2569 1133 2635 explicandus
1171 2574 1223 2618 et
1259 2564 1326 2638 τῇ
1359 2561 1700 2629 Ἀθηναίων
1735 2566 1997 2641 ἐκκλησίᾳ
2033 2574 2109 2624 le..

250 2659 479 2728 gendum
536 2657 758 2708 videtur.
850 2658 928 2708 ln'
950 2657 1124 2723 Pnyce
1162 2657 1284 2721 quid
1324 2653 1494 2723 βῆμα
1528 2663 1581 2707 et
1616 2651 1785 2716 λίθος
1819 2658 1978 2710 fuerit
2013 2677 2109 2711 no-

251 2755 360 2799 tum
398 2752 494 2798 est.
568 2738 920 2810 Λιθωμότας
957 2753 1129 2795 autem
1168 2745 1295 2795 dixit
1345 2746 1598 2808 comicuS‚
1653 2745 1881 2798 fortasse
1919 2748 2108 2798 Demo-

155 2828 160 2830 ⁴
253 2838 493 2888 sthenem
520 2840 722 2896 notans,
762 2835 909 2884 cuius
938 2840 1118 2884 notum
1145 2840 1224 2883 est
1253 2838 1305 2883 et
1329 2850 1357 2884 a
1396 2834 1571 2884 multis
1607 2834 1814 2885 irrisum
1851 2835 2110 2887 iuramen-

251 2931 380 2975 tum.
417 2923 479 2975 V.
501 2922 565 2971 ad
586 2923 807 2973 Timocl.
829 2940 879 2989 p.
894 2923 1015 2973 613.
1056 2921 1222 2973 Video
1242 2921 1323 2972 his
1343 2923 1548 2988 scriptis
1569 2924 1917 2974 coniecturam
1942 2940 2109 2976 meam

253 3010 548 3062 confirmari
584 3010 683 3077 hac
721 3011 895 3061 Photii
933 3011 1106 3106 glossa
1144 3026 1195 3076 p.
1233 3011 1338 3060 223
1377 3011 1475 3060 22.
1525 3002 1807 3079 ειρήκασιν
1856 3003 2108 3074 (ειιόθα-

200 3102 211 3109 “
240 3101 426 3163 σινὶῐ)
466 3095 520 3146 οἱ
551 3090 868 3160 Ἀθηναῖοι
904 3093 1040 3166 πρός
1077 3111 1185 3147 τινι
1221 3093 1372 3146 λίθω
1409 3113 1538 3157 τους
1575 3091 1767 3167 ὅρκους
1796 3099 2107 3165 ποιεῖσθαι,

249 3203 323 3246 ως
354 3178 750 3254 Ἀριστοτέλης
787 3185 881 3236 καὶ
924 3181 1230 3255 Φιλόχορος
1265 3179 1659 3248 ὑποδηλοῦσιν.

1069 3330 1093 3357 *
1135 3329 1286 3380 CLX.

387 3434 703 3501 HesychiuS,
739 3431 1111 3495 Λωπιστὸς
1160 3430 1190 3485 ὁ
1233 3430 1705 3501 Παλαμήδης,
1753 3433 1811 3486 ἐκ
1857 3432 1951 3497 τῆς
1990 3432 2100 3486 τῶν

2128 3216 2196 3555 s
