2202 3918
223 245 225 251 .
285 203 393 254 842
779 212 782 215 “
994 200 1434 254 Postnu‘PUs.

289 346 514 408 alienus)
553 344 809 410 quodnam
849 342 1299 394 condimentorum
1337 343 1567 395 omnium

286 451 402 484 esse
439 435 492 483 in
532 433 700 483 culina
738 437 791 483 tu
830 433 1167 500 praecipuum
1207 431 1509 482 existimas?

285 524 344 573 B.
386 524 597 573 Festum
635 521 890 588 profecto.
963 521 1160 571 cunctis
1198 520 1393 586 quippe
1427 520 1481 571 ln
1519 521 1717 572 artibus

285 611 462 661 videns
498 610 553 660 id
589 595 843 665 habentes
879 609 1164 676 principem
1201 608 1417 674 adipisci
1455 607 1645 659 locum.

283 699 359 750 sic
397 706 450 749 et
488 699 722 749 tribunus
758 698 882 748 dum
918 698 1197 748 draconem
1232 697 1465 748 ferreum

283 792 510 838 ostentat
547 793 601 837 et
638 787 795 837 iorica
835 793 1154 850 squammatn
1192 786 1341 847 nitet,

282 876 524 926 Briareus
562 875 794 925 videtur:
831 875 896 926 ad
934 890 1044 926 rem
1082 889 1200 925 cum
1238 878 1448 924 ventum
1487 875 1583 934 est,
1620 871 1786 938 lepuS.

283 964 355 1014 ita
392 979 506 1014 cum
547 962 790 1014 ministris
828 971 984 1028 atque
1022 962 1288 1030 discipulis
1327 976 1525 1026 coquus

281 1053 326 1104 si
363 1053 536 1102 veniat
572 1051 635 1100 ad
675 1052 956 1117 plebeium,
995 1058 1047 1101 et
1084 1066 1346 1118 quosquos
1383 1049 1641 1115 repererit

283 1140 710 1193 cuminisectores
746 1155 807 1188 ac
844 1139 1112 1190 famelicos
1149 1145 1318 1201 vocet,

282 1228 456 1280 statim
494 1242 676 1276 omnes
713 1227 860 1276 iilum
899 1232 1151 1277 metuunt.
1228 1228 1306 1277 sin
1346 1242 1404 1276 se
1442 1224 1728 1290 simplicem

278 1322 428 1384 gerat
465 1331 526 1365 ac
564 1314 871 1375 modestum,
912 1313 1079 1379 fugiet
1117 1322 1364 1366 contusus
1403 1313 1583 1380 probe.

281 1422 443 1472 quare
481 1403 617 1470 quod
654 1409 708 1453 te
746 1403 1020 1454 monebam
1061 1420 1283 1469 sequere
1319 1402 1510 1465 inania,

280 1502 334 1546 et
369 1493 699 1544 convivarum
738 1495 795 1541 ut
833 1508 923 1542 ora
961 1475 1245 1558 cognoscas
1283 1491 1419 1544 vide.

278 1599 396 1635 nom
435 1582 589 1648 pinne
626 1586 856 1631 extrema
894 1587 1103 1631 nostrae
1141 1587 1222 1631 est
1257 1581 1383 1630 artis
1420 1580 1575 1641 linea,

276 1672 424 1738 quasi
462 1670 599 1719 circa
637 1675 861 1734 portum,
899 1676 1042 1720 recta
1079 1671 1131 1721 in
1172 1686 1230 1720 os
1268 1670 1555 1720 incurrere.

275 1762 458 1811 damus
494 1774 632 1808 nunc
668 1773 878 1823 operam
917 1759 1136 1824 nuptiis:
1177 1758 1269 1808 bos
1308 1757 1513 1807 victima
1551 1762 1664 1807 est:

276 1848 492 1900 illustris
528 1862 680 1896 socer
719 1853 821 1895 est:
866 1853 945 1894 est
984 1852 1037 1894 et
1074 1845 1292 1896 illustris
1329 1861 1520 1910 gener:

275 1937 464 1988 horum
503 1941 768 1984 matronae
805 1931 1094 1981 flaminicae
1131 1939 1251 1981 sunt
1290 1930 1546 1980 Palladis:

278 2024 600 2090 Corybantes
639 2021 839 2070 adsunt.
885 2020 1171 2085 pervigilia,
1210 2019 1388 2080 tibiae,

276 2113 544 2165 tumuitus.
622 2111 772 2176 piane
812 2110 978 2158 circus
1017 2109 1103 2158 hic
1141 2113 1351 2158 nostrae
1388 2106 1513 2157 artis
1550 2111 1646 2158 est.

275 2203 337 2256 A.
379 2202 484 2253 Fac
523 2206 576 2249 tu
617 2214 821 2264 quoque
859 2197 909 2247 id
951 2197 1266 2248 memineris.

826 2375 1154 2426 FABULAE
1200 2373 1582 2426 tNCERTAE.

1187 2462 1226 2511 1.

948 2548 1056 2600 luis
1095 2549 1331 2615 plebeius
1370 2549 1577 2614 quidem

276 2641 504 2695 Seuthes
543 2640 777 2690 videtur:
817 2645 868 2688 ot
907 2644 961 2688 tu
1001 2638 1139 2688 haud
1178 2638 1387 2704 ignoras
1425 2651 1544 2689 eum

281 2730 411 2782 nihil
449 2730 661 2780 differre
700 2727 762 2777 ab
799 2727 1113 2793 imperatore
1151 2727 1365 2794 optimo.

276 2820 463 2870 adsunt
500 2818 587 2868 ubi
625 2818 817 2877 hostes,
855 2817 1139 2882 imper—ator
1174 2822 1453 2866 strennuus

275 2914 377 2959 stat
417 2913 595 2956 contra
634 2906 891 2973 intrepide
931 2910 1235 2971 exspectans
1272 2904 1617 2969 quodcunque
1655 2904 1922 2956 imminet:

278 3003 404 3062 quot
441 3001 560 3045 sunt
598 2996 862 3054 convivae,
901 2999 977 3044 tot
1013 2994 1193 3043 venire
1230 2992 1412 3042 hostes
1448 2997 1601 3058 puta:

279 3085 333 3135 hi
369 3084 766 3151 progredientes
806 3082 969 3135 celeri
1006 3082 1256 3133 incedunt
1293 3080 1517 3147 agmine,

278 3191 307 3225 a
345 3173 638 3239 quindecim
678 3174 860 3224 diebus
897 3189 988 3239 spe
1027 3171 1168 3237 pieni
1207 3171 1339 3220 boun

280 3261 549 3323 coenandi,
589 3263 777 3328 promti
815 3279 909 3328 per
947 3278 1005 3313 se
1043 3267 1094 3311 et
1132 3259 1339 3309 hortatu
1377 3259 1538 3320 inciti,

279 3355 579 3417 exspectant
617 3350 737 3401 dum
775 3351 892 3417 quis
930 3351 994 3402 ad
1031 3366 1212 3402 monus
1249 3350 1338 3400 det
1374 3363 1576 3414 aquam.
1650 3346 1816 3398 virum

281 3456 448 3509 genus
486 3440 602 3504 hoc,
643 3439 917 3493 collectum
957 3440 1112 3492 crede
1150 3439 1333 3492 adesse
1373 3436 1685 3491 exercitum.-
