2202 3918
220 198 323 248 712

222 336 422 387 fordus.
508 332 739 397 Denique
781 332 925 396 'idem
974 330 1064 380 iile
1116 328 1455 396 Ilippothoon
1502 328 1598 378 sub
1638 328 1928 396 Hippothoi
1976 344 2068 380 no·
2200 350 2202 363 ⁴

223 424 363 475 mine
400 423 525 472 latet
563 421 667 471 Tit.
707 419 921 470 vant
962 419 1059 467 24:
1853 429 1855 431 ·

477 505 745 573 Ζευχθεὶς
779 500 1044 572 γάμοισιν
1082 497 1180 554 οὐκ
1219 496 1303 552 ἔτ’
1345 497 1464 552 ἔστ’
1505 495 1823 570 ἐλεύθερος(

225 603 278 650 et
316 598 422 650 Tit.
462 595 727 647 Lxxxm
770 594 864 643 15:

478 678 714 732 Παίδων
750 678 965 746 κρατεῖν
1004 676 1088 730 δεῖ
1120 676 1229 728 τῶν
1261 677 1532 746 νεωτέρων
1570 671 1798 745 σοφούς.

226 774 429 823 Horum
468 786 709 821 versuum
751 769 891 834 prior
940 770 1002 818 ab
1042 769 1266 818 Stobaeo
1306 768 1411 817 Tit.
1454 767 1643 832 van
1686 767 1752 816 13
1789 781 1905 816 cum
1943 765 2070 817 duo·

226 860 324 911 bus
362 860 472 910 aliis
512 875 574 909 ex
614 856 879 922 Euripidis
919 856 1177 921 Antigona
1216 854 1450 905 affertur.
1539 854 1718 920 ltaque
1765 870 1866 921 quo
1906 856 2074 905 minus

226 947 350 997 huic
387 953 575 1013 poetae
614 945 869 996 tribuatur:
917 959 1018 993 non
1069 943 1311 1009 impedio.
1401 943 1502 992 Sed
1543 943 1707 992 altero
1746 943 1860 993 ioco
1896 943 2074 992 itidem

226 1033 636 1099 Hippothoontis
677 1045 861 1080 nomen
899 1031 1257 1095 reponendum
1298 1029 1514 1081 videtur.
1592 1031 1744 1096 Quod
1781 1031 1916 1081 enim
1937 1032 2076 1081 Pho·

227 1123 331 1170 tins
368 1137 573 1186 quoque
613 1119 743 1167 Bibl.
784 1135 833 1182 p.
878 1119 978 1168 115
1016 1119 1048 1168 4
1087 1118 1447 1183 Hippothoum
1485 1119 1535 1167 in
1569 1119 1752 1183 poetis,
1791 1135 1852 1168 ex
1890 1120 2076 1183 quibus

228 1209 484 1258 Stobaeus
526 1204 865 1269 Florilegium
900 1221 1049 1254 sunm
1089 1205 1492 1265 consarcinavit,
1532 1210 1923 1267 commemorat,
1962 1208 2075 1256 nui-

227 1294 329 1344 lam
380 1295 478 1343 vim
530 1294 705 1343 habet.
782 1293 886 1341 Sed
925 1294 1055 1342 alius
1096 1299 1364 1358 praeterea
1402 1293 1614 1342 Stobaei
1657 1294 1801 1343 iocus
1841 1299 1952 1352 est.
1992 1294 2075 1344 cui

226 1382 364 1433 maie
409 1382 699 1448 Hippothoi
750 1396 937 1430 nomen
991 1379 1304 1446 adscriptum
1351 1380 1582 1442 videtur,
1652 1381 1791 1433 CXV
1858 1382 1939 1433 13.
1988 1383 2076 1433 ubi

226 1469 315 1521 hic
350 1470 426 1522 illi
466 1484 644 1520 versus
682 1470 950 1518 tribuitur:

403 1549 761 1624 Παυρολόγοι
797 1554 988 1606 πολιαὶ
1028 1554 1121 1604 ταὶ
1155 1551 1359 1622 γήραος
1395 1547 1581 1604 ἄνθεα
1621 1553 1873 1616 θνατοῖς.

230 1646 345 1710 Quo
384 1645 500 1695 loco
539 1646 830 1712 Hippothoi
884 1661 1072 1696 nomen
1125 1645 1207 1693 vel
1257 1661 1370 1693 eam
1420 1645 1486 1693 ob
1540 1659 1743 1695 caueam
1780 1652 2078 1711 suspectum

231 1738 338 1793 est,
390 1733 530 1798 quod
569 1733 800 1797 proxime
839 1734 1073 1798 sequitur
1112 1732 1522 1797 Hippothoontis
1559 1731 1905 1797 fragmentum
1952 1733 2080 1784 iilud

231 1821 372 1884 quod
402 1821 550 1870 nobis
584 1821 714 1870 haec
745 1819 1126 1870 commentandi
1163 1819 1599 1884 opportunitatem
1626 1820 1875 1883 praebuit,
1902 1822 2082 1886 κρεῖσ-

231 1922 334 1957 σον
369 1901 604 1956 λεόντων
640 1905 811 1973 γῆρας
849 1901 1103 1969 ἀκμαίων
1139 1904 1364 1972 νεβρῶν.
1435 1906 1773 1956 Manifestum
1812 1914 1891 1957 eet
1929 1910 2083 1961 libra-

227 1986 294 2045 rii
331 1996 510 2045 oculos
547 1997 610 2046 ad
651 2010 872 2059 sequens
912 1995 1324 2060 I-Iippothoontis
1377 2010 1564 2043 nomen
1604 1994 1903 2057 aberrasse,
1954 1998 2083 2047 omi-

232 2082 360 2131 ·isse
398 2090 570 2132 autem
611 2099 799 2133 tomen
840 2083 949 2131 eius
987 2090 1204 2147 poetae,
1256 2083 1342 2147 qui
1380 2081 1519 2130 iilius
1558 2097 1737 2133 versus
1775 2091 1955 2133 auctor
1991 2086 2085 2135 ha-

231 2171 432 2220 bendus
474 2181 568 2219 est.
647 2172 827 2235 Neque
866 2187 977 2219 eam
1021 2187 1196 2220 vanam
1237 2170 1584 2233 suspicionem
1623 2185 1741 2220 esse
1779 2171 1932 2222 docet
1969 2175 2084 2224 cod.

233 2259 386 2309 Voss.
439 2259 489 2307 in
530 2275 630 2323 qno
673 2275 765 2323 pro
813 2251 1136 2306 Ἱππόθοον
1194 2258 1389 2323 liquido
1439 2248 1683 2322 Εἰρήνης,
1732 2275 1917 2310 nomen
1958 2264 2085 2312 scri-

233 2352 379 2411 ptum
418 2352 512 2395 est.
566 2347 682 2394 Hoc
709 2338 941 2410 Εἰρήνης
979 2354 1150 2396 autem
1192 2362 1342 2395 nemo
1382 2329 1536 2394 facile
1575 2346 1828 2397 dubitabit
1864 2351 1984 2413 quin
2025 2367 2087 2402 ex

231 2429 507 2499 Ἠρίννης
549 2435 755 2481 nomine
794 2440 1094 2497 corruptum
1136 2433 1216 2481 sit.
1293 2433 1368 2480 lta
1406 2431 1564 2496 igitur
1602 2449 1788 2484 novum
1828 2437 2088 2489 lucramur

233 2521 582 2585 fragmentum
645 2520 829 2569 eximia
879 2521 1114 2586 poetriae
1167 2519 1383 2570 Lesbiae
1442 2521 1594 2571 laude
1645 2521 1785 2571 haud
1834 2539 2087 2590 quaquam

234 2609 530 2674 indignum:

454 2687 808 2761 [Ιαυρολόγοι
848 2692 1040 2743 πολιαὶ
1079 2691 1154 2742 τῶ
1190 2688 1396 2760 γήραος
1433 2689 1620 2745 ἔνθεα
1657 2694 1914 2755 θνατοῖς.

238 2783 317 2832 lta
355 2783 490 2832 enim
531 2784 894 2848 corrigendum
935 2790 1027 2833 est.
1083 2785 1252 2847 Atque
1288 2784 1350 2832 ad
1391 2785 1606 2834 eandem
1645 2785 1897 2835 rationem
1935 2787 2091 2836 refin·
2178 2767 2183 2784 ³

239 2871 467 2934 gendum
516 2877 594 2920 est
641 2873 778 2920 idem
828 2862 1067 2940 Εἰρήνης
1115 2888 1302 2921 nomen
1345 2875 1393 2931 *)
1442 2873 1494 2922 in
1551 2873 1654 2924 hoc
1703 2874 1912 2924 Stobaei
1951 2875 2091 2926 Fior.

427 3037 607 3100 Τοῦτό
646 3060 737 3094 κεν
774 3036 849 3104 εἰς
887 3039 1059 3094 ἀΐὸαν
1095 3039 1249 3096 κενεὰ
1287 3040 1606 3114 διανήχεται
1644 3040 1787 3114 ἀχώ·

427 3127 556 3196 σίγα
600 3125 658 3179 ‹5'
698 3131 755 3182 ἐν
792 3128 1056 3196 mxumae,
1095 3130 1159 3184 τὸ
1199 3132 1256 3184 δὲ
1293 3129 1487 3195 σκότος
1525 3130 1660 3185 ὄσσε
1696 3132 1956 3204 κατέρρει.

356 3271 395 3315 *)
428 3269 495 3310 De
525 3269 608 3312 hoc
638 3273 839 3317 admonui
872 3275 958 3318 iam
990 3275 1092 3319 olim
1122 3275 1166 3318 in
1201 3275 1386 3332 epistola
1427 3276 1481 3318 ad
1513 3277 1575 3318 N.
1599 3276 1811 3320 Bachium
1856 3277 1977 3328 data,
2020 3276 2096 3331 qni

238 3346 594 3387 commemoravit
634 3346 751 3388 iliam
792 3349 1086 3392 coniecturam
1129 3352 1183 3393 ad
1216 3351 1410 3394 Philetae
1442 3351 1593 3406 fragm.
1624 3367 1668 3409 p.
1700 3352 1798 3393 272.
1874 3350 2095 3403 Ignoravii

242 3413 325 3458 hoc
355 3417 713 3465 Schneidewinus
744 3423 909 3466 Delect.
943 3426 1060 3481 poet.
1095 3440 1135 3482 p.
1168 3428 1267 3470 323.
