2202 3918
304 215 411 267 848
969 223 971 226 “
1055 212 1303 266 ATHEN
1308 213 1398 266 10.

304 361 468 408 artem
508 354 765 423 coquendi
801 355 854 406 in
891 354 1056 406 maius
1095 354 1366 421 maiusque
1404 361 1690 408 auxerunt:

303 446 444 496 unde
481 450 536 496 et
572 459 710 495 nunc
745 459 1004 495 memores
1043 458 1244 493 morum
1283 445 1371 510 qui
1407 444 1617 498 fuerant
1652 447 1794 514 prius

304 549 437 601 quae
473 533 564 584 Dis
601 536 870 583 sacrantur
907 537 1022 583 exta
1058 531 1270 582 tradunt
1305 533 1510 599 ignibus

303 622 413 673 sale
450 637 552 672 non
590 621 856 671 adhibito:
895 637 1013 671 nam
1050 620 1307 687 principio
1347 638 1450 673 non
1489 630 1602 675 erat

302 724 428 761 usus
460 709 678 762 saliendi
715 704 780 760 ad
819 709 1142 759 condituram
1181 711 1437 776 cognitus.

302 797 399 848 sed
436 803 490 848 et
527 797 630 848 hoc
666 798 873 864 postilla
910 798 1132 864 placuit:
1172 804 1225 848 et
1260 799 1361 848 iam
1398 813 1536 851 nunc
1573 800 1734 852 salem

196 900 207 906 ·
303 886 465 937 sacris
501 902 605 937 non
641 888 820 953 paucis
861 886 1125 938 admoveri
1163 888 1424 939 cernimus

301 975 624 1044 praescripto
662 976 794 1026 ritus
833 975 1003 1042 patrii,
1043 975 1196 1041 quod
1220 977 1431 1027 unicum

302 1065 453 1116 nobis
491 1064 671 1114 salutis
710 1063 1295 1139 exstititxprimordium

241 1185 243 1187 -
302 1158 362 1204 ut
398 1151 572 1203 studio
610 1167 828 1202 accenso
865 1152 1019 1202 simul
1056 1167 1139 1201 ars
1178 1153 1583 1203 consummatior

301 1242 456 1292 fieret
493 1240 767 1305 coquendi,
805 1240 979 1290 multis
1017 1240 1373 1290 suavitatibus.

301 1330 363 1382 Β.
403 1327 649 1380 Profecto
687 1327 775 1377 hic
810 1327 959 1378 nobis
996 1327 1130 1378 alter
1170 1334 1248 1379 est
1289 1327 1654 1395 Palaephatus.

300 1421 365 1472 A.
403 1420 546 1484 Ergo
583 1416 829 1483 paulatim
865 1415 1184 1482 procedente
1221 1421 1459 1484 tempore

302 1522 534 1560 omasum
572 1505 795 1555 farctum
833 1504 1009 1555 nescio
1048 1500 1163 1570 quis
1199 1506 1392 1569 intulit,

301 1602 648 1661 tenerumque
685 1598 890 1643 coctum
929 1609 1046 1644 cum
1085 1610 1180 1645 suo
1220 1595 1318 1645 sibi
1355 1610 1509 1646 succo
1547 1594 1832 1650 hoedulum

300 1685 512 1736 inclusit
547 1685 600 1733 in
638 1686 972 1749 pericomma.
1044 1686 1105 1735 Β.
1143 1683 1225 1735 Ad
1262 1690 1468 1735 cantum
1505 1685 1702 1737 tibiae?

300 1776 366 1827 A.
405 1774 608 1824 Piscem
645 1774 937 1824 ambierunt
975 1779 1028 1824 ut
1064 1772 1306 1837 nequiret
1344 1774 1592 1838 conspici.

301 1862 508 1922 alicula,
550 1862 937 1923 salsamentum,
974 1860 1148 1921 mella,
1186 1860 1492 1910 olusculum.

302 1967 420 2004 cum
457 1956 675 2017 propter
710 1950 804 1999 has
842 1964 968 2014 quas
1006 1947 1109 1996 dixi
1148 1946 1360 1997 delicias
1396 1946 1581 2012 procul

302 2041 544 2092 abessent
582 2039 754 2089 cuncti
792 2055 821 2088 a
857 2037 1025 2087 carnis
1059 2035 1316 2086 humanae
1354 2035 1545 2096 esibus,

302 2129 501 2181 sociare
535 2127 690 2178 vitam
729 2126 897 2188 libuit,
935 2125 1115 2192 populi
1154 2124 1327 2191 colligi

301 2233 542 2285 coepere,
580 2217 770 2283 passim
807 2218 1145 2266 surrexerunt
1182 2213 1400 2280 oppida:

301 2307 426 2358 artis
463 2321 613 2371 quae,
651 2310 710 2355 ut
744 2304 865 2366 dixi,
902 2308 1077 2354 nostra
1112 2308 1234 2354 sunt
1269 2301 1543 2354 beneficia.

300 2396 363 2446 Β.
403 2395 549 2447 Vale.
623 2409 739 2443 nam
778 2392 967 2443 nimius
1007 2398 1062 2442 tu
1100 2408 1215 2443 meo
1244 2391 1399 2442 -fores
1437 2392 1585 2442 hero.

299 2486 364 2537 A.
404 2484 514 2535 Nos
552 2482 895 2547 auspicamur,
932 2496 1028 2531 nos
1064 2482 1413 2530 sacrificamus
1445 2479 1626 2545 coqui,

299 2588 396 2624 nos
433 2575 486 2622 et
519 2572 758 2632 libamus,
795 2571 914 2635 quia
952 2568 1016 2619 Di
1053 2569 1202 2619 nobis
1241 2569 1462 2619 maxime

285 2666 420 2721 ,sunt
458 2659 825 2724 obsequenteS,
863 2657 949 2723 qui
988 2672 1075 2708 res
1112 2662 1280 2707 tantas
1317 2656 1610 2723 reperimus

298 2750 484 2816 quibus
521 2747 682 2798 adiuti
719 2747 957 2798 homines
994 2761 1180 2797 aevum
1218 2749 1362 2796 recte
1402 2746 1673 2812 degerent.

297 2838 507 2906 pietatis
544 2837 704 2903 igitur
742 2850 912 2886 causa.
985 2836 1047 2886 Β.
1085 2834 1212 2885 Plus
1250 2835 1373 2885 satis
1413 2839 1519 2886 est:
1553 2839 1686 2884 tace.

299 2929 359 2978 A.
400 2927 635 2977 Peccavi.
712 2925 771 2975 Β.
811 2925 915 2975 Hic
951 2923 1109 2990 igitur
1146 2939 1350 2974 mecum
1387 2929 1443 2974 tu
1482 2923 1652 2974 cibum
1691 2939 1847 2992 capez

298 3031 417 3067 mox
453 3015 590 3068 intus
628 3020 772 3065 recte
807 3013 901 3064 tibi
939 3028 1073 3078 quae
1110 3012 1382 3064 traduntur
1418 3028 1559 3079 para.
