2202 3918
573 146 932 206 ΓΝΩΜΆΙε
943 146 1048 208 {M
1046 145 1350 204 oms-’TI
1350 149 1406 202 X
1415 148 1510 204 01.

184 297 194 305 '
253 291 445 367 Λιμὴν
478 293 690 365 πέφυκε
728 290 869 347 πᾶσι
905 289 1134 345 παιδεία
1170 292 1407 364 βροτοῖς.

253 380 433 456 Λόγῳ
455 403 523 453 με
560 385 773 447 πεῖσον,
809 376 1086 454 φαρμάκῳ
1122 375 1449 452 σοφωτάτῳ.

254 468 439 540 Λόγος
475 471 671 526 διοικεῖ
704 469 805 525 τὸν
839 469 1057 543 βροτῶν
1093 467 1223 538 βίον
1254 463 1443 540 μόνος.

113 563 221 617 815
256 559 545 631 Λογισμός
580 562 700 618 ἔστι
734 556 1035 633 φάρμακον
1067 554 1245 624 λύπης
1278 553 1469 629 μόνος.

258 651 456 707 Λῦπαι
490 648 596 722 γὰρ
629 645 992 720 ἀνθρώποισι
1027 645 1312 703 τίκτουσιν
1346 644 1536 700 νόσον.

254 738 468 808 Λαβῶν
501 734 732 802 ἀπόδος,
768 734 1055 808 ἄνθρωπε,
1092 739 1187 791 καὶ
1223 733 1380 810 λήψῃ
1416 730 1603 789 πάλιν.

253 827 445 898 Λιμὴν
480 823 681 879 πλοίου
713 826 833 894 μέν,
872 820 1086 878 ἀλυπία
1123 822 1183 877 δ’
1226 818 1396 897 ὅρμος
1432 821 1578 895 βίου.

247 913 454 981 Λὺπην
488 910 596 984 γὰρ
629 909 823 977 εὔνους
858 902 1260 967 οἷδενψίᾶσθαι
1293 911 1474 983 λόγος.

115 1010 224 1061 820
258 1002 442 1075 Λιμὸς
475 1003 740 1075 μέγιστον
774 999 943 1071 ἄλγος
980 999 1312 1074 ἀνθρώποις
1346 1003 1473 1078 ἔφυ.

257 1093 423 1168 Λιμῷ
457 1091 564 1163 γὰρ
598 1087 764 1146 οὐδέν
798 1091 952 1146 ἐστιν
986 1088 1265 1146 ἀντειπεῖν
1302 1092 1449 1160 ἔπος.

259 1182 567 1240 Λυποῦντα
600 1176 778 1245 λίπει,
814 1181 910 1235 καὶ
932 1178 1226 1250 φιλοῦνθ’
1261 1178 1566 1258 ὑπερφίλει,

254 1273 444 1329 Λυπεῖ
468 1288 539 1342 με
574 1269 771 1333 δοῦλος
809 1267 1087 1324 δεσπότου
1119 1271 1304 1341 μεῖζον
1341 1277 1582 1346 φρονῶν.

259 1358 428 1425 Λὺπη
466 1358 726 1429 παροῦσα
762 1355 997 1413 πάντοτ’
1038 1359 1194 1414 ἐστὶν
1228 1358 1262 1426 ἡ
1301 1361 1460 1430 γυνή.

117 1451 225 1505 825
258 1445 450 1517 Λόγον
483 1443 624 1517 παρ’
663 1447 876 1519 ἐχθροῦ
910 1445 1146 1517 μήποθ’
1186 1446 1369 1523 ἡγήσῃ
1406 1450 1592 1524 φίλον.

259 1534 460 1601 Λὺπης
497 1530 687 1605 ιάτρός
720 1535 874 1588 ἐστιν
908 1532 1239 1607 ἀνθρώποις
1274 1535 1455 1613 λόγος.
1579 1565 1582 1567 Α

258 1627 463 1682 Λέοντι
499 1625 667 1691 συζῆν
701 1618 740 1690 ἢ
774 1625 995 1694 γυναικὶ
1032 1626 1326 1695 συμβιοῦν.

260 1711 439 1771 Λάλει
473 1714 670 1786 μέτρια
706 1715 803 1767 καὶ
838 1711 918 1785 μὴ
957 1710 1111 1768 λάλει
1145 1710 1188 1767 όί
1217 1712 1299 1786 μή
1334 1734 1399 1771 σε
1436 1717 1535 1773 δεῖ.

258 1802 473 1871 Λὴσειν
507 1802 603 1858 διὰ
640 1804 826 1867 τέλους
861 1803 939 1874 μὴ
975 1802 1125 1858 δόκει
1157 1803 1396 1878 πονηρὸς
1429 1804 1527 1862 ῶν.

120 1900 229 1952 88⁰
263 1893 450 1963 Λόγος
484 1888 808 1965 εὐχάριστός
838 1889 1064 1965 χάριτός
1099 1892 1221 1948 ἐστ’
1261 1891 1659 1963 ἀνταπόδοσις.

264 1981 425 2052 Λάβε
463 1982 729 2054 πρόνοιον
763 1983 865 2036 τοῦ
899 1980 1276 2055 προσήκοντος
1313 1982 1460 2054 βίου.

267 2072 441 2128 Μισῶ
478 2069 758 2142 σοφιστὴν
793 2064 948 2133 ὅστις
983 2067 1082 2140 οὐχ
1119 2069 1269 2146 αὐτῷ
1305 2070 1501 2146 σοφός.

267 2162 371 2227 Μὴ
405 2155 549 2231 κρῖν’
590 2156 734 2229 ὁρῶν
770 2158 835 2212 τὸ
871 2156 1087 2224 κάλλος,
1123 2155 1265 2213 ἀλλὰ
1298 2159 1399 2215 τὸν
1435 2158 1660 2235 τρόπον.

270 2249 503 2305 Μεστὸν
536 2249 719 2303 κακῶν
756 2250 962 2322 πέφυκε
1000 2247 1235 2319 φορτίον
1269 2249 1427 2319 γυνή.

124 2342 231 2396 ⁸⁸5
268 2337 372 2405 Μὴ
406 2335 593 2392 πάντα
629 2337 798 2409 πειρῶ
835 2337 975 2391 πᾶσι
1010 2333 1288 2392 πιστεύειν
1324 2337 1426 2393 ἀεί.

267 2428 471 2500 Μιμοῦ
506 2426 576 2481 τά
612 2423 806 2497 σεμνά,
841 2425 920 2497 μὴ
956 2425 1158 2491 κακοὺς
1191 2428 1370 2499 μιμοῦ
1406 2427 1660 2501 τρόπους.

268 2516 511 2581 Μισθὸς
548 2515 799 2571 διδάσκει
834 2512 1147 2587 γράμματ’,
1182 2513 1253 2570 οὐ
1287 2518 1643 2584 διδάσκαλος.

268 2608 537 2678 Μοχθεῖν
572 2602 789 2675 ἀνάγκη
826 2604 955 2668 τοὺς
987 2606 1267 2671 θέλοντας
1302 2604 1562 2678 εὐτυχεῖν.

269 2693 390 2751 Μὶ’
431 2697 584 2750 ἐστὶν
619 2693 786 2767 ἀρετὴ
822 2694 921 2749 τόν
956 2692 1172 2749 ἄτοπον
1207 2691 1428 2767 φεύγειν
1467 2693 1574 2751 ἀεί.

126 2789 235 2843 840
271 2784 569 2856 Μακάριος
603 2779 759 2849 ὅστις
794 2781 999 2838 οὐσίαν
1034 2786 1129 2838 καὶ
1166 2785 1301 2838 νοῦν
1338 2782 1461 2855 ἔχει.

269 2874 372 2942 Μὴ
411 2870 575 2947 φεῦγ’
616 2871 835 2943 ἑταῖρον
866 2873 927 2926 ἐν
961 2875 1179 2928 κακοῖσι
1214 2871 1480 2943 κείμενον.

271 2961 575 3035 Μακάριόν
608 2962 760 3016 ἐστιν
795 2961 919 3017 υἱόν
954 2960 1221 3015 εὔτακτον
1256 2964 1494 3035 τρέφειν.

273 3054 574 3118 Μηδέποτε
613 3052 780 3120 πειρῶ
816 3049 917 3105 δύο
953 3049 1135 3123 φίλων
1169 3041 1315 3104 εἶναι
1351 3047 1553 3123 κριτής.

272 3142 374 3208 Μὴ
413 3137 609 3196 σπεῦδ’
649 3136 690 3193 ἃ
717 3139 796 3212 μὴ
835 3141 933 3205 δεῖ,
968 3136 1108 3211 μηδ’
1149 3135 1191 3192 ἃ
1224 3141 1314 3195 δεῖ
1342 3139 1600 3196 σπεύδειν
1634 3141 1781 3214 μένε.

36 3271 37 3274 ¹
131 3234 236 3287 ⁸⁴5
273 3230 374 3296 Μὴ
413 3229 541 3294 τούς
576 3229 778 3294 κακούς
813 3230 1038 3300 οἴκτειρε
1076 3227 1395 3301 πράξαντας
1430 3229 1625 3295 κακῶς.

273 3321 560 3389 Μέγιστον
594 3317 761 3390 ὀργῆς
795 3318 914 3373 ἐστι
950 3315 1250 3390 φάρμακον
1285 3317 1466 3389 λόγος.

274 3408 438 3463 Μετὰ
476 3408 577 3475 τὴν
612 3405 775 3463 δόσιν
807 3404 1044 3479 τάχιστα
1080 3404 1339 3482 γηράσκει
1369 3406 1544 3483 χάρις.
