2202 3918
264 177 374 233 256
1012 176 1394 231 MENANDRI

415 366 418 367 ε
456 305 557 371 2³52
601 314 719 389 τρὶς
755 312 1134 386 κακοδαίμων,
1171 308 1325 379 ὅστις
1362 315 1421 371 ἐκ
1457 314 1757 389 φειδωλίας

487 423 760 478 κατέθετο
796 424 961 494 μῖσος
1000 421 1298 476 διπλάσιον
1332 423 1432 489 τῆς
1469 421 1682 490 οὐσίας,

267 532 344 586 itu
379 535 593 602 quidem
646 539 706 585 ut
753 532 1046 585 sententiae
1081 533 1182 584 hoc
1218 531 1374 583 modo
1423 533 1821 606 continuentur.
1872 527 2137 602 ἐπαισχύ-

270 636 374 673 νου
411 614 470 673 δέ
508 638 607 691 μοι
642 617 706 670 τὸ
741 616 819 687 μή
859 614 1084 679 δικαίως
1119 612 1390 686 εὐτυχεῖν,
1443 625 1496 671 et
1544 627 1679 671 tum.
1728 616 1851 688 ἔχει
1882 617 2067 691 φόβον
2102 616 2134 673 ὁ

265 710 391 780 τρὶς
426 704 801 775 κακοδαίμων.
876 708 982 760 Sed
1020 712 1165 760 recte
1204 708 1354 759 codd.
1381 708 1605 760 Schowii
1644 709 1902 762 dederunt
1937 697 1980 759 ὦ
2018 708 2136 780 τρὶς

271 795 646 868 κακοδαίμων.
704 799 837 851 Sunt
873 797 1031 864 igitur
1067 796 1170 847 duo
1210 796 1402 847 diVersi
1441 798 1543 847 loci
1578 798 1886 864 fragmenta,
1924 799 1991 850 de
2028 815 2132 865 quo

268 891 373 943 iam
410 890 461 940 in
500 889 667 955 prima
703 887 828 938 edit.
867 886 1140 949 admonui,
1177 886 1267 936 ubi
1306 886 1462 937 etiam
1501 887 1568 937 de
1605 881 1746 953 ἔχειν
1782 881 1983 954 φόβον,
2020 906 2128 939 me·-

267 987 382 1032 tum
419 978 644 1044 afferre,
685 975 920 1041 exempla
957 974 1121 1025 attuli.
1195 974 1394 1025 Eadem
1431 991 1570 1026 nunc
1606 977 1873 1028 Dobraeus
1912 977 2042 1029 Adv.
2080 977 2130 1028 11

265 1085 321 1137 p.
358 1068 483 1118 280.
573 1067 664 1119 Vs.
705 1065 734 1114 1
795 1067 916 1114 ante
953 1063 1251 1115 Bentleium
1299 1059 1576 1132 κέρδαινε,
1625 1056 1907 1133 αἰσχύνου.
1980 1065 2131 1133 ὁΙίὶίᾱ.

265 1173 363 1226 pro
399 1159 497 1225 μοι
535 1154 807 1207 Dobraeus
844 1166 914 1201 τι.

787 1230 791 1231 ’
1085 1224 1324 1276 LXXXI.

486 1323 788 1382 Oz’mw'nov’
829 1321 1074 1392 ἐζήλωσα
1110 1325 1460 1380 πλουτοῦντα
1498 1324 1724 1401 σφόδρα

479 1422 811 1506 ἄνθρωπον,
849 1428 1213 1486 ἀπολαύοντα
1248 1434 1425 1505 μηδὲν
1459 1425 1538 1488 aiv
1576 1432 1697 1505 ἔχει.

377 1543 669 1597 Βῐοῐηιοιιε
706 1546 853 1597 Flor.
889 1543 1013 1596 XVI
1051 1544 1087 1594 7
1126 1549 1180 1594 et
1217 1545 1410 1597 Anton.
1452 1545 1580 1596 Mel.
1620 1545 1724 1595 14⁰
1760 1561 1813 1612 p.
1851 1545 1974 1596 221.
2021 1545 2131 1596 An-

265 1633 471 1701 tiphani
524 1634 609 1684 vel
657 1631 993 1699 Aristophani
1043 1633 1290 1684 tribuitur
1338 1634 1508 1685 Serm.
1545 1634 1715 1685 XCIII
1749 1634 1838 1695 20,
1890 1633 2130 1686 librario-

265 1738 390 1776 rum
428 1738 629 1776 errore.
701 1722 838 1776 Vide
876 1721 1003 1773 edit.
1040 1722 1158 1773 mai.
1200 1727 1253 1772 et
1289 1723 1354 1774 ad
1391 1722 1606 1791 Antiph.
1643 1739 1696 1790 p.
1736 1723 1858 1775 153.

993 1823 996 1829 ¹
1069 1828 1335 1881 LXXXII.

487 1927 567 1986 Οὐ
606 1927 712 2003 γὰρ
749 1926 818 1983 τὸ
853 1929 1095 1995 πλῆθος,
1133 1925 1207 1983 ἂν
1245 1931 1425 2007 σκοπῇ
1460 1951 1558 1998 τις,
1597 1929 1698 1985 τοῦ
1733 1926 1910 1985 πότου

476 2042 623 2093 ποιεῖ
657 2037 959 2109 παροινεῖν,
997 2035 1097 2090 τοῦ
1135 2033 1358 2102 πιόντος
1396 2034 1459 2091 δ’
1499 2036 1533 2105 ἡ
1572 2036 1757 2112 φύσις.

402 2149 662 2202 Stobaeus
698 2148 842 2200 Flor.
880 2146 1062 2201 XVIII
1100 2146 1135 2199 5
1176 2152 1230 2200 et
1265 2140 1458 2204 Anton.
1497 2150 1629 2204 Mel.
1668 2151 1737 2202 68
1771 2166 1824 2218 p.
1863 2148 1987 2202 116.

1051 2263 1344 2315 LXXXIII.

479 2362 752 2419 Χαλεπὸν
788 2357 929 2417 ὅταν
966 2383 1048 2427 τις
1082 2355 1162 2417 ὦν
1197 2364 1299 2438 πίῃ
1337 2365 1504 2419 πλέον
1541 2364 1698 2440 λαλῇ,

474 2470 654 2541 μηδὲν
689 2466 969 2535 κατειδιός,
1007 2467 1154 2523 ἀλλὰ
1190 2468 1685 2545 προσποιούμενος.

397 2586 653 2638 Stobaeus
702 2588 847 2639 Flor.
886 2589 1066 2643 XVIII
1113 2591 1182 2640 19
1236 2594 1288 2640 et
1339 2591 1593 2642 Antonius
1631 2590 1759 2642 Mel.
1797 2589 1867 2642 68
1912 2608 1963 2657 p.
2001 2578 2133 2643 116.ι

257 2675 400 2731 Vm]
441 2675 567 2729 fort.
599 2669 847 2742 χαλεπόν
882 2670 967 2744 γ’.
1007 2679 1144 2730 Tum
1184 2678 1339 2745 vulgo
1377 2671 1528 2749 πίνῃ.
1578 2679 1816 2732 Correxit
1834 2679 2122 2753 Bentleius.

1048 2791 1342 2846 LXXXIV.

476 2887 588 2944 Οὐκ
625 2886 997 2964 ἔστινόργῆς,
1033 2891 1106 2957 οἷς
1145 2892 1299 2959 ἔοικε,
1336 2889 1634 2966 φάρμακον

467 2993 592 3049 ἄλλ’
633 2993 670 3062 ἢ
706 2994 868 3068 λόγος
905 2999 1209 3064 σπουδαῖος
1249 2995 1560 3072 ἀνθρώπου
1598 2998 1785 3071 φίλου.

394 3106 654 3160 Stobaeus
693 3109 840 3161 Flor.
878 3109 976 3161 XX
1013 3112 1085 3162 20
1124 3115 1176 3162 et
1214 3112 1403 3163 Anton.
1443 3111 1572 3163 Mel.
1611 3111 1682 3162 78
1719 3128 1772 3179 p.
1812 3111 1932 3163 134.

953 3236 958 3238 ’
1058 3217 1319 3270 LXXXV.

435 3392 451 3398 ρ
474 3310 671 3378 Οὐδεὶς
706 3310 803 3386 ἐφ’
843 3315 1019 3373 αὑτοῦ
1055 3317 1126 3374 τὰ
1160 3301 1305 3375 κακοὶ
1343 3317 1570 3393 συνορᾷ,
1610 3316 1897 3392 Πάμφιλε,

467 3420 680 3493 σαφῶς,
717 3419 906 3494 ἑτέρου
942 3423 1005 3500 δ’
1047 3423 1500 3498 ἆσχημονοῢντος
1537 3423 1759 3496 ὄψεται.
