2202 3918
245 235 247 237 .
274 191 357 244 28·
959 185 1424 246 3PH1LEM0N18
1448 223 1451 226 -

274 333 479 384 videtur
515 329 722 398 probari
751 341 931 395 posse.
994 355 1073 379 ‚—-
1146 326 1238 379 Vs.
1273 326 1308 376 5
1346 342 1439 393 pro
1476 314 1597 376 οἷον
1634 327 1675 379 C
1714 326 1872 380 habet
1908 323 2117 393 τοῦτον.
2198 357 2202 379 2

273 420 540 472 Bentleiuc
579 415 747 468 τοῖον.
805 416 941 466 Tum
982 407 1351 480 παρατέθεικ’
1382 408 1446 463 οὐ
1485 416 1637 468 ABG.
1675 414 1989 489 παρατέθει
2023 411 2121 466 κού
2194 445 2202 462 ⁵

274 509 430 562 PVL.
486 539 555 547 —
610 507 699 557 Vs.
739 505 770 552 6
809 499 1215 566 ἐξηνθισμένον
1257 502 1291 560 i.
1332 518 1379 552 e.
1420 503 1545 552 artis
1584 504 1851 556 lenociniis
1889 507 2121 572 variega-

182 647 188 653 ,
276 603 402 648 tum.
481 595 574 646 Cfr
610 592 711 643 vol.
752 591 800 640 ll
840 607 889 655 p.
929 589 1051 640 369.
1106 620 1175 629 ·—
1231 590 1322 642 Vs·
1360 590 1394 639 7
1430 582 1643 650 κῶπτός
1681 593 1861 659 scripsi
1897 612 1991 661 pro
2029 592 2123 643 καὶ
2193 588 2202 626 '¹

273 677 456 743 ὀπτός.
532 714 603 722 -
667 679 754 731 Vs.
795 677 864 727 10
902 670 1066 745 ὅρνις
1089 676 1213 727 dixit
1250 677 1430 728 ultima
1470 683 1735 745 correpta,
1773 686 1952 732 contra
1990 683 2121 733 anti-
2188 683 2190 688 ’

273 790 407 840 quae
444 767 744 821 comoediae
780 781 950 824 usum.
1023 766 1088 819 V.
1124 766 1250 817 edit.
1284 768 1402 818 mai.
1477 799 1544 809 —-
1599 768 1687 820 Vs.
1727 768 1796 819 12
1833 769 2123 819 καταπιεῖν

272 859 304 910 δ
326 856 337 872 ’
374 850 712 908 ἐσπούδακεν
750 854 926 908 edidit
963 870 1025 905 ex
1061 871 1178 905 mea
1214 856 1577 908 emendatione
1615 857 1932 910 Dindorfius.
1986 858 2121 910 ABP
2188 855 2191 860 ’

269 944 557 1000 καταπιεῖν
601 936 784 1011 μεῖζόν
829 958 885 993 τι
921 941 1046 1010 περὶ
1083 944 1251 1011 (περι
1287 945 1411 1010 ΒΡ)
1451 937 1513 993 δ’
1553 939 1911 998 ἐσπούδακεν.
1984 947 2121 998 CVL

267 1034 556 1089 καταπιεῖν
606 1031 729 1103 περὶ
779 1025 842 1081 δ’
882 1026 1240 1083 ἐσπούδακεν.
1329 1033 1551 1084 Fallitur
1586 1034 1863 1086 Elmsleius
1911 1033 1976 1084 ad
2011 1035 2120 1085 Eu-

265 1126 364 1190 rip.
402 1123 546 1174 Med.
588 1123 708 1174 186.
794 1121 872 1171 De
908 1113 1230 1171 ἐσπούδακα
1266 1136 1362 1187 pro
1400 1113 1690 1184 σπουδάζω
1728 1122 1833 1189 egit
1870 1121 2119 1174 Lehrsius

266 1215 478 1279 Quaest.
518 1212 650 1278 epic.
687 1228 739 1278 p.
776 1210 902 1261 288.
940 1241 1009 1250 --
1049 1210 1139 1263 Vs.
1179 1209 1247 1260 13
1285 1205 1462 1278 ἕτεραι
1499 1211 1607 1263 ΑΟ.
1660 1206 1814 1280 ἕτερα
1850 1211 1912 1262 Β.
1967 1205 2122 1277 ἑτέρα

263 1301 421 1354 PVL.
495 1300 624 1352 lbid.
664 1290 925 1348 διώκουσι
960 1294 1018 1348 δὲ
1055 1299 1210 1350 ΑΒΡ.
1267 1292 1544 1349 διώκουσα
1582 1300 1750 1353 cvl..
1794 1330 1865 1341 —-
1918 1299 2010 1353 Vs,
2048 1299 2118 1350 17

263 1381 538 1450 ὀλολύζειν
593 1388 770 1438 ridere
790 1425 797 1447 ·.
824 1387 909 1438 vel
965 1387 1281 1438 cachinnari
1313 1388 1708 1454 ⁴interpretatur
1763 1388 2117 1441 cnsaubonus.

264 1478 447 1530 Malim
484 1475 702 1529 eiulare.
788 1476 1057 1536 Dobraeus
1098 1476 1229 1527 Adv.
1254 1476 1305 1527 11
1341 1494 1393 1544 p.
1413 1478 1518 1528 288
1554 1481 1716 1528 tentat
1752 1469 1952 1540 ἐξῆλθ’
1993 1471 2119 1526 ὀλο-

262 1559 453 1628 λύζων.
527 1567 742 1616 Poterat
778 1565 949 1616 lenius
986 1558 1104 1636 ἐξῇ’
1147 1559 1429 1627 ὀλολύζων.
1467 1555 1538 1607 ——4
1576 1566 1665 1619 Vs.
1702 1566 1773 1616 20
1809 1561 1843 1614 δ
1855 1558 1871 1576 ³
1914 1559 2118 1631 ἔλαβον

263 1656 326 1708 L.
384 1652 442 1722 δὲ
478 1650 815 1720 λαβώννΡν.
871 1646 1071 1722 ἀρτίως
1110 1654 1379 1707 Bentleius
1417 1656 1623 1723 scripsit
1658 1671 1754 1722 pro
1793 1647 1936 1722 ἄρτι.
2007 1654 2116 1706 Sed

261 1743 487 1795 fortasse
523 1745 856 1794 scribendum
894 1735 1021 1810 ἄρτι
1059 1736 1285 1810 σάργον.
1354 1775 1422 1784 —
1480 1745 1570 1798 Vs.
1608 1745 1674 1796 21
1713 1734 1753 1806 ἢ
1788 1737 1834 1806 ’ξ
1860 1736 2111 1811 ”Αργους
2176 1736 2202 1822 'j

261 1826 489 1900 κάπρον.
528 1835 697 1899 Argos
731 1832 855 1882 dicit
887 1830 1356 1897 Amphilochicum.
1396 1833 1555 1884 Certe
1573 1832 1930 1885 Ambraciotas
1961 1848 2114 1899 apros
2196 1834 2199 1848 ‘'

259 1940 386 1991 prae
423 1922 612 1973 ceteris
652 1921 824 1971 laudat
862 1920 1229 1972 Archestratus
1266 1921 1526 1974 Athenaei
1563 1921 1638 1971 111
1675 1938 1726 1987 p.
1748 1922 1816 1971 92
1837 1921 1888 1972 d.
1925 1925 1978 1971 et
2015 1920 2115 1973 Vll

261 2029 314 2079 p.
337 2010 456 2062 305
476 2027 524 2062 e.
598 2009 903 2061 Eustathins
941 2015 1113 2059 tamen
1149 2026 1202 2075 p.
1242 2009 1348 2060 853
1386 2011 1454 2060 39
1508 2011 1574 2061 de
1612 2008 1862 2076 Argolide
1908 2008 2114 2060 intelle·
2172 2039 2174 2041 >

260 2101 352 2152 xit.
398 2132 467 2141 —
506 2099 596 2151 vs.
633 2098 703 2149 25
744 2104 796 2147 et
832 2098 901 2147 26
940 2098 1129 2148 iterum
1168 2098 1327 2148 hahet
1364 2099 1555 2151 Athen.
1593 2115 1644 2165 p.
1680 2098 1785 2151 290
1807 2113 1852 2147 a.
1890 2096 1980 2147 ubi
2017 2110 2113 2162 pro

258 2178 460 2257 εὕρηκα
499 2186 741 2237 scribitur
778 2176 1005 2251 ηὕρηκα.
1047 2219 1114 2226 --
1152 2186 1243 2238 Vs.
1282 2188 1351 2237 26
1390 2203 1484 2252 pro
1524 2175 1661 2236 ὅταν
1696 2185 1919 2248 fortasse
1956 2187 2111 2237 scrib.

258 2269 518 2343 ὅτανπερ.
594 2275 932 2325 casaubonus
960 2280 1089 2340 post
1126 2263 1265 2322 ὅταν
1304 2275 1446 2326 addit
1480 2267 1672 2339 μόνον.
1736 2275 1982 2327 Ceterum
2021 2275 2112 2326 ad-

261 2367 472 2420 modum
490 2364 771 2431 probabilis
811 2367 890 2414 est
927 2363 1224 2413 coniectura
1243 2362 1743 2428 Schweighaeuseri,
1781 2368 1942 2415 totam
1977 2363 2112 2416 hanc
2184 2363 2193 2428 J

262 2456 526 2520 eclogam,
581 2451 818 2518 adeoque
867 2450 1029 2517 ipsam
1078 2450 1307 2502 fabulam
1354 2443 1710 2518 Στρατιώτου
1765 2451 1975 2516 nomine
2029 2451 2110 2502 in·

262 2544 537 2608 scriptam,
585 2556 687 2591 non
744 2538 1037 2588 Philemoni
1091 2539 1244 2604 patri,
1298 2539 1393 2594 sed
1445 2539 1574 2592 filio¹
1612 2539 1935 2593 tribuendam
1986 2554 2109 2596 ,esse

262 2630 572 2697 suspicantis
611 2632 826 2694 propter
862 2625 1080 2676 iunioris
1117 2626 1438 2681 Philemonis
1476 2628 1707 2693 eclogam
1745 2627 1881 2694 apud
1917 2626 2108 2680 Athen.

262 2721 361 2774 Vll
397 2736 449 2786 p.
488 2717 591 2769 291
633 2717 695 2766 D.
746 2715 834 2765 ubi
887 2714 1112 2769 eundem
1166 2715 1330 2770 habes
1385 2709 1647 2783 μάγειρον
1689 2717 1743 2768 in
1790 2715 2108 2771 iisdem·illis
2160 2743 2161 2746 ¹

261 2789 489 2877 piscibus
526 2805 760 2862 assandis
798 2810 1123 2870 occupatum.

650 3005 1717 3101 zrszzzoeNHE'izoNTEa

525 3140 812 3217 Ὴγόρασα
852 3143 1047 3210 νῆστιν
1083 3142 1297 3216 κεστρέ’
1335 3140 1510 3198 ὀπτὸν
1546 3140 1610 3198 οὐ
1647 3145 1839 3215 μέγαν.

404 3255 698 3313 Athenaeus
738 3255 835 3308 vn
872 3271 924 3322 p.
962 3256 1067 3306 307
1090 3255 1152 3306 d:
1198 3245 1286 3305 ὅτι
1333 3251 1391 3304 δὲ
1440 3240 1583 3314 εἶδος
1621 3251 1882 3321 κεστρέων
1919 3249 1974 3302 οἱ
2009 3248 2104 3315 wi-
2156 3223 2174 3319 {3

265 3358 425 3406 στεις,
464 3340 604 3409 φησὶ
641 3337 908 3411 Φιλήμων
944 3340 1003 3394 ἐν
1046 3336 1630 3406 Συναποθνήσκουσιν
1665 3335 1949 3408 Ήγόρασα
1988 3339 2100 3392 κτλ.
2155 3322 2167 3367 ‘³

2195 384 2202 436 l

2192 463 2202 525 i
