2202 3918
219 195 324 244 500
990 186 1295 239 BATONlS

368 326 554 382 ἔπειθ’
598 328 775 381 ἕωθεν
815 323 1082 397 περιάγεις
1121 324 1223 390 τὴν
1262 322 1530 391 λήκυθον,

365 434 824 506 καταμανθάνων
862 429 1136 495 τοῦλαιον,
1174 426 1311 484 ὥστε
1355 435 1662 505 περιφέρειν

360 541 656 614 ὡρολόγιον
695 538 837 606 δόξει
879 558 971 603 τις,
1011 535 1132 608 οὐχὶ
1171 534 1439 603 λήκυθον.

365 691 665 742 Athenaeus
707 686 775 738 lV
817 705 865 753 p.
909 685 1089 735 163b:
1141 676 1344 733 Βάτων
1394 680 1451 732 δὲ
1488 678 1517 733 ὁ
1555 678 1788 750 κωμικὸς
1830 682 1888 734 ἐν
1930 678 2070 734 'Av-

222 772 478 847 δροφόνῳ
514 769 688 843 φησίν
733 771 854 823 Τῶν
890 766 1218 841 φιλοσόφων
1254 770 1367 824 κτλ.
1443 773 1532 825 Vs.
1560 774 1610 824 2.
1648 773 1698 823 3.
1735 773 1787 826 4.
1827 774 1980 824 etiam
2016 774 2071 825 in

199 868 641 933 ‚Synexapatonte
681 865 870 931 posuit.
945 897 1013 905 -
1069 864 1157 916 Vs,
1197 864 1231 913 3
1270 858 1366 911 τὸν
1404 854 1694 929 φρόνιμον,
1729 864 2069 932 sapientiam.

224 956 287 1008 V.
309 956 372 1005 ad
393 954 670 1006 Menandri
696 955 893 1004 Polum.
917 970 966 1019 p.
992 951 1095 1002 150
1117 953 1196 1002 ed.
1222 952 1340 1003 mai.
1380 952 1662 1018 Compares
1685 952 2070 1019 Thucydidium

222 1043 530 1094 vocab-ulum
569 1036 598 1091 ὁ
632 1036 947 1109 παράλογος
977 1046 1027 1091 et
1055 1041 1119 1091 de
1138 1056 1238 1106 quo
1263 1055 1420 1107 supra
1450 1041 1552 1091 dixi
1573 1056 1622 1107 p.
1640 1041 1744 1091 368
1781 1034 1811 1090 ὁ
1847 1034 2068 1098 ἄτοπος.

222 1162 292 1172 ——-
331 1131 419 1184 Vs.
457 1129 492 1180 5
542 1132 809 1181 Dobraeus
851 1129 975 1191 Adv,
1019 1130 1065 1179 ΙΙ
1105 1147 1156 1194 p.
1194 1130 1299 1178 307
1352 1122 1551 1188 αὑτοῦ,
1602 1129 1668 1177 de
1704 1129 1806 1179 hoc
1842 1129 2068 1195 genitivo

223 1219 448 1270 affe-rens
489 1218 734 1283 Aeschyli
772 1217 917 1267 Pers.
960 1218 1080 1268 164.
1119 1216 1382 1283 Aristoph.
1424 1215 1722 1282 Vesp.356.
1764 1218 1881 1283 Lys.
1915 1217 2069 1266 1127.

221 1339 289 1349 —-
341 1308 429 1358 Vs.
470 1308 539 1356 13
584 1297 1046 1371 καταμανθάνων
1092 1299 1379 1365 τοῦλαιον,
1436 1304 1726 1372 diligenter
1793 1304 2068 1372 explorans

220 1396 361 1464 quod
387 1397 451 1445 in
489 1394 720 1462 ampulla
757 1397 899 1445 inest
937 1394 1119 1445 oleum.
1194 1396 1329 1460 Apte
1367 1399 1632 1460 comparat
1667 1392 2069 1460 Schweighaeu-

220 1499 370 1535 serus
406 1484 591 1534 incerti
629 1484 854 1534 auctoris
883 1485 1201 1550 epigramma
1223 1483 1358 1549 apud
1384 1484 1703 1534 Athenaeum
1732 1483 1801 1535 1V
1823 1500 1875 1549 p.
1899 1483 2001 1532 162
2022 1498 2067 1532 a.

217 1572 269 1623 in
307 1588 409 1639 quo
444 1571 746 1639 philosophi
783 1572 1112 1638 appellantur
1151 1568 1489 1636 βλεπέλαιοι,
1522 1579 1575 1623 et
1604 1571 1904 1639 Epictetum
1935 1571 2067 1620 Diss.

218 1661 242 1710 1
292 1660 362 1710 24
411 1661 471 1709 11
528 1660 578 1710 in
629 1660 927 1727 philosophi
974 1660 1141 1726 cynici
1202 1660 1528 1726 supellectile
1576 1664 2068 1710 commemorantem

216 1741 470 1810 λήκυθον
505 1745 599 1796 καὶ
637 1741 838 1814 πήραν.
910 1778 977 1787 —-
1053 1747 1141 1799 Vs.
1184 1749 1251 1797 14
1286 1741 1585 1815 ὡρολόγιον
1620 1749 1869 1814 intellege
1907 1749 2067 1811 viato-

216 1838 349 1887 rium
382 1852 481 1886 seu
518 1837 740 1902 pensile,
780 1837 950 1901 qualia
988 1843 1358 1887 commemorat
1396 1837 1661 1889 Vitruvius
1701 1836 1772 1887 lX
1810 1838 1862 1887 9.
1934 1836 2068 1887 Vide

216 1924 500 1976 Martinum
535 1924 606 1973 -de
646 1924 900 1990 Horolog.
939 1931 1039 1974 vet.
1065 1942 1113 1990 p.
1138 1926 1241 1974 128
1261 1930 1332 1973 ‘et
1371 1925 1685 1974 Paciaudum
1710 1924 1945 1973 Monum.
1968 1924 2068 1973 Pe-

216 2013 426 2078 loponn.
471 2013 490 2061 1
526 2029 581 2077 p.
619 2009 689 2061 52
729 2017 986 2077 oportune
1027 2011 1432 2062 Herculanensis
1470 2011 1652 2061 solaris
1689 2011 2068 2074 admonentem,

215 2101 362 2151 cuius
422 2115 624 2150 summa
685 2106 768 2151 est
832 2117 948 2152 cum
997 2102 1222 2167 ampulla
1271 2101 1464 2150 olearia
1511 2100 1808 2153 similitudo.
1892 2101 2089 2153 Minus'

213 2192 358 2240 recte
397 2187 499 2249 alii,
538 2187 589 2237 in
629 2187 710 2239 his
749 2190 1078 2255 archaeologi
1111 2190 1434 2256 Neapolitani
1472 2189 1523 2238 in
1568 2189 1767 2239 Pitture
1804 2189 1855 2239 di
1891 2191 2066 2242 Ercol.

215 2277 366 2327 Tom.
410 2275 454 2324 ll
497 2274 698 2328 Prefaz.
738 2294 787 2344 p.
828 2278 943 2330 Vll.
986 2279 1195 2329 Batonis
1232 2278 1404 2328 locum
1442 2277 1506 2328 de
1544 2277 1816 2345 horologio
1855 2280 2066 2345 aquario

216 2364 598 2415 intellexerunt.

1115 2473 1181 2524 ll.

460 2570 629 2640 Ἓξὸν
667 2569 888 2642 γυναῖκ’
932 2572 1126 2644 ἔχοντα
1164 2542 1538 2629 κατακεῖσθὲαι
1575 2573 1763 2641 καλήν,

462 2682 557 2734 καὶ
595 2677 844 2748 Λεσβίου
875 2681 1093 2752 χυτρῖδε
1133 2679 1440 2753 λαμβάνειν
1475 2679 1605 2736 δύο·

464 2785 495 2840 ὀ
534 2782 805 2858 φρόνιμός
841 2787 958 2840 ἐστι
995 2788 1174 2852 τοῦτο,
1211 2789 1374 2842 τοῦτο
1412 2785 1692 2858 τάγαθόν.

458 2887 786 2964 Ἐπίκουρος
823 2891 965 2962 ἔλεγε
1001 2890 1183 2948 ταῦθ’
1225 2891 1267 2946 οἳ
1298 2895 1398 2947 νῦν
1432 2894 1533 2964 ἐγώ
1572 2895 1727 2963 λέγω.
1811 2906 1814 2911 '

465 2993 516 3050 εἰ
550 2999 747 3053 τοῦτον
784 2999 913 3066 ἔζων
949 2997 1152 3064 πάντες
1190 2997 1256 3053 ὃν
1294 2999 1392 3070 ἐγώ
1433 3002 1502 3067 ζῶ
1541 3000 1683 3070 βίον,

462 3101 586 3156 οὔτ’
627 3103 833 3169 ἄτοπος
869 3095 939 3173 ἦν
973 3103 1043 3160 ἂν
1081 3104 1204 3161 οὔτε
1239 3105 1431 3178 μοιχὸς
1468 3104 1595 3161 οὐδὲ
1630 3099 1727 3170 εἷς.

346 3248 643 3301 Athenaeus
667 3251 763 3302 Vll
805 3270 854 3319 p.
876 3255 980 3305 279
1005 3271 1063 3315 c:
1101 3252 1194 3304 καὶ
1233 3251 1292 3303 ἐν
1328 3249 1404 3323 τῷ
1438 3245 1806 3323 Ἀνδροφόνῳ
1841 3248 1900 3301 δὲ
1936 3248 2056 3302 ἐπι-

205 3335 534 3406 γραφομένῳ
585 3333 616 3386 ὁ
666 3333 834 3400 αὗτὸς
871 3337 1074 3391 Βάτων
1126 3336 1427 3405 διαπαίξας
1479 3340 1605 3392 τινὰ
1651 3338 1760 3390 τῶν
1804 3337 2053 3391 ἐπιεικῶν

202 3418 528 3495 φιλοσόφων
563 3422 807 3495 ἐπιφέρει
838 3421 1005 3491 Ἐξὸν
1041 3423 1256 3493 γυναῖκ’
1298 3425 1493 3496 ἔχοντα
1543 3427 1655 3481 κτλ.
1689 3464 1692 3470 ·
1747 3430 1836 3483 Vs.
1876 3432 1910 3481 2
1951 3444 2049 3496 χυ-
