2202 3918
201 190 278 244 50
796 197 801 202 “
915 181 1294 236 PHILE'MON
1300 182 1361 235 IS

206 323 373 384 πόλλ’
408 320 743 398 ἁμαρτάνειν
792 321 955 375 ποιεῖ.
1037 322 1236 376 Versus
1283 322 1372 373 hic
1419 321 1642 374 fortasse
1707 323 1856 374 alteri
1906 323 2070 374 inter-

209 419 431 474 locutori
475 414 798 477 tribuendae,
834 411 933 463 nisi
970 411 1144 477 potius
1181 426 1212 461 a
1246 411 1460 477 reliquis
1498 412 1816 478 separandus
1854 418 1950 464 est.

414 661 489 717 ‘O
526 654 750 731 φθόνος
787 654 846 708 ἐν
881 651 1054 727 ἑαυτῷ
1089 649 1262 706 τοῦθ’
1302 646 1364 705 ἓν
1399 649 1644 715 ἐπιεικῶς
1681 655 1856 705 ποιεῖ’·

421 767 518 823 τὸν
550 761 868 836 αἱρετιστὴν
903 758 1042 815 ὄντα
1078 759 1189 813 τῶν
1224 755 1400 813 αὐτοῦ
1438 755 1656 830 τρόπων

422 872 751 945 λυμαίνεται
787 867 1034 942 μάλιστα
1073 865 1167 920 διὰ
1204 865 1412 930 παντὸς
1450 862 1646 919 συνών.

357 992 613 1045 Stobaeus
650 991 794 1043 Flor.
818 987 1096 1041 XXXVIII
1135 986 1184 1035 1.
1259 984 1400 1036 Vs.l
1441 982 1706 1034 Bentleius
1744 980 1801 1033 ἐν
1838 976 2071 1053 αὑτῷ-

215 1077 339 1149 ἔχει.
376 1081 554 1132 Possis
575 1079 729 1130 etiam
750 1075 921 1146 φέρει.
958 1078 1028 1128 At
1052 1073 1278 1124 fortasse
1318 1071 1516 1124 sufficit
1551 1065 1581 1121 ὁ
1621 1065 1845 1139 φθόνος
1881 1067 2072 1142 ἑαυτῷ.

214 1173 295 1225 De
331 1168 589 1223 sententia
624 1166 744 1218 vide
782 1167 908 1218 edit.
946 1163 1066 1216 mai.
1104 1186 1174 1195 —
1210 1161 1302 1214 Vs.
1339 1163 1374 1213 2
1411 1161 1529 1212 libri
1565 1154 1883 1229 ἐρεθιστὴν.
1942 1162 2072 1214 Gor..

214 1252 352 1322 'rexit
390 1259 675 1312 Gesnerus.

1061 1319 1249 1375 XLIV.

493 1424 765 1498 Ἀγαθῆς
802 1421 1058 1495 γυναικός
1094 1423 1263 1491 ἐστιν,
1299 1411 1341 1475 ὦ
1380 1414 1752 1493 Νικοστράτη,

498 1533 575 1607 μὴ
612 1528 882 1607 κρείττον’
925 1515 1071 1585 εἶναι
1107 1528 1342 1601 τάνδρὸς
1379 1527 1505 1583 ἀλλ’
1546 1527 1821 1596 ὑπήκοον·

494 1640 634 1712 γυνὴ
672 1640 732 1694 δὲ
768 1635 958 1694 νικῶσ’
1000 1635 1182 1709 ἄνδρα
1218 1632 1388 1690 κακόν
1424 1636 1576 1690 ἐστιν
1609 1638 1766 1708 μέγα,

359 1761 616 1813 Stobneus
653 1758 797 1810 Flor.
836 1756 1052 1808 LXXIV
1087 1756 1175 1808 20.
1266 1756 1359 1809 Vs.
1398 1757 1427 1806 1
1483 1755 1526 1806 B
1564 1760 1683 1824 post
1719 1747 1945 1820 ἀγαθῆς
1991 1755 2071 1807 ἰη-

219 1849 350 1902 serit
390 1844 468 1904 δέ.
507 1877 577 1890 ——
614 1847 705 1901 Vs.
742 1846 777 1897 2
816 1845 1082 1898 Gesnerus
1118 1841 1378 1912 κρεῖττον.

1080 1986 1242 2040 XLV.

505 2089 618 2148 Οὐκ
658 2086 728 2144 ἂν
767 2088 965 2144 δύναιο
1001 2086 1078 2159 μὴ
1118 2089 1405 2158 γενέσθαι,
1445 2089 1709 2155 δέσποτα,

501 2195 809 2272 ἄνθρωπος
842 2192 923 2251 ὧν
958 2192 1290 2268 ἄνθρωπος·
1330 2192 1507 2261 ἄλλως
1543 2185 1643 2250 οὗν
1680 2195 1837 2270 βοᾷς.

500 2303 599 2359 τὸν
636 2300 796 2370 ζῶντ’
837 2299 1045 2371 ἀνάγκη
1084 2298 1246 2355 πόλλ’
1288 2300 1428 2373 ἔχειν
1464 2303 1617 2356 ἐστὶν
1653 2299 1810 2358 κακά.

362 2416 619 2470 Stobaeus
655 2414 801 2468 Flor.
841 2412 1066 2467 XCVIII
1103 2411 1157 2464 5.

1020 2540 1190 2594 XLVI
1229 2556 1276 2591 a.

428 2641 564 2699 Οὔτε
601 2642 706 2716 γὰρ
742 2638 929 2716 ἰατρὸς
965 2639 1092 2697 οὐδὲ
1130 2633 1226 2708 εἷς,
1263 2637 1334 2695 ἂν
1369 2631 1426 2695 εὗ
1466 2626 1689 2718 σκοπῇς,

432 2748 560 2815 τοὺς
596 2748 764 2815 αὐτὸς
798 2747 972 2804 αὑτοῦ
1006 2745 1250 2819 βούλεθ’
1286 2745 1554 2818 ὑγιαίνειν
1590 2747 1805 2821 φίλους,

436 2852 561 2911 οὔτε·
598 2855 937 2929 στρατιώτης
975 2852 1138 2909 πόλιν
1176 2851 1314 2926 ὁρᾶν
1348 2850 1480 2909 ἄνευ
1514 2856 1705 2911 κακοῦ.

364 2974 620 3028 Stobneus
657 2975 801 3026 Flor.
839 2973 934 3026 cn
969 2973 1022 3026 5.
1113 2973 1205 3026 Vs.
1245 2973 1274 3022 1
1326 2964 1399 3021 ἂν
1433 2968 1640 3044 σκοπῇς
1676 2972 1787 3039 sine
1823 2954 1883 3019 εὗ
1919 2970 2069 3024 Voss.

225 3055 357 3112 ἄνευ
389 3056 563 3114 κόπου
599 3064 640 3113 Β
680 3079 742 3114 ex
777 3063 1193 3130 interpolatione.
1268 3052 1338 3110 ἂν
1374 3061 1558 3121 κοπεΐς
1594 3064 1655 3113 Α.
1730 3061 1773 3111 F
1778 3065 1874 3111 ort.
1911 3060 2072 3125 igitur

225 3144 322 3201 ἐὰν
357 3147 580 3222 σκοπῇς.
666 3151 726 3201 In
774 3150 874 3202 hac
927 3153 1064 3202 enim
1103 3150 1327 3202 formula
1363 3135 1422 3200 εὗ
1459 3151 1759 3217 saepissime
1796 3148 2067 3200 omittitur.

223 3239 289 3292 V.
309 3239 515 3306 Fragm.
541 3239 685 3290 LXII
724 3241 784 3290 2:
820 3231 1001 3299 οὐδεὶς
1039 3235 1097 3288 δὲ
1133 3232 1383 3304 μεθύων,
1420 3231 1491 3288 ἂν
1515 3234 1736 3308 σκοπῇς.
1775 3235 2068 3293 Menander

224 3325 332 3378 Ine.
368 3326 468 3387 XII
503 3327 566 3377 42
604 3320 634 3374 ὁ
671 3327 774 3393 μὲν
809 3321 915 3396 γὰρ
952 3318 1051 3391 ἰός,
1089 3319 1160 3376 ἂν
1205 3326 1430 3399 σκοπῇς,
1465 3322 1529 3377 τὸ
1567 3319 1834 3393 σιδήριον.
1907 3324 2064 3375 Mitto

222 3414 340 3466 alia.
374 3446 443 3455 -—
483 3414 573 3467 Vs.
612 3414 646 3463 2
682 3407 857 3463 αὑτοῦ
891 3410 1069 3475 αὐτὸς·
1095 3418 1158 3469 Α.
1198 3421 1251 3467 et
1292 3417 1438 3470 Voss.
