<?xml version="1.0" encoding="UTF-8"?>
<!DOCTYPE html PUBLIC "-//W3C//DTD XHTML 1.0 Transitional//EN"
    "http://www.w3.org/TR/xhtml1/DTD/xhtml1-transitional.dtd">
<html xmlns="http://www.w3.org/1999/xhtml" xml:lang="en" lang="en">
 <head>
  <title>
</title>
<meta http-equiv="Content-Type" content="text/html;charset=utf-8" />
  <meta name='ocr-system' content='tesseract 3.04.00' />
  <meta name='ocr-capabilities' content='ocr_page ocr_carea ocr_par ocr_line ocrx_word'/>
</head>
<body>
  <div class='ocr_page' id='page_1' title='image "./fragmentacomicor04meinuoft/fragmentacomicor04meinuoft_0873.png"; bbox 0 0 2202 3918; ppageno 0'>
   <div class='ocr_carea' id='block_1_1' title="bbox 565 195 1500 253">
    <p class='ocr_par' dir='ltr' id='par_1_1' title="bbox 565 195 1500 253">
     <span class='ocr_line' id='line_1_1' title="bbox 565 195 1500 253; baseline 0.004 -4"><span class='ocrx_word' id='word_1_1' title='bbox 565 197 612 249; x_wconf 86' lang='lat' dir='ltr'>N</span> <span class='ocrx_word' id='word_1_2' title='bbox 619 197 940 251; x_wconf 67' lang='lat' dir='ltr'><strong>lcoLath.</strong></span> <span class='ocrx_word' id='word_1_3' title='bbox 1015 195 1500 253; x_wconf 74' lang='lat' dir='ltr'><strong>NicOMAcnUS.</strong></span> 
     </span>
    </p>
   </div>
   <div class='ocr_carea' id='block_1_2' title="bbox 0 337 1688 1733">
    <p class='ocr_par' dir='ltr' id='par_1_2' title="bbox 93 337 1470 671">
     <span class='ocr_line' id='line_1_2' title="bbox 99 337 1276 407; baseline -0.003 -13"><span class='ocrx_word' id='word_1_4' title='bbox 99 344 355 394; x_wconf 76' lang='lat' dir='ltr'><strong>elementa</strong></span> <span class='ocrx_word' id='word_1_5' title='bbox 392 344 513 392; x_wconf 88' lang='lat' dir='ltr'><strong>sunt</strong></span> <span class='ocrx_word' id='word_1_6' title='bbox 550 339 682 392; x_wconf 87' lang='lat' dir='ltr'><strong>haec</strong></span> <span class='ocrx_word' id='word_1_7' title='bbox 718 338 976 407; x_wconf 82' lang='lat' dir='ltr'><strong>praecluis</strong></span> <span class='ocrx_word' id='word_1_8' title='bbox 1013 337 1276 391; x_wconf 83' lang='lat' dir='ltr'><strong>scientiae.</strong></span> 
     </span>
     <span class='ocr_line' id='line_1_3' title="bbox 97 426 1470 496; baseline -0.001 -14"><span class='ocrx_word' id='word_1_9' title='bbox 97 431 289 483; x_wconf 89' lang='lat' dir='ltr'><strong>deinde</strong></span> <span class='ocrx_word' id='word_1_10' title='bbox 326 446 477 496; x_wconf 91' lang='lat' dir='ltr'><strong>opus,</strong></span> <span class='ocrx_word' id='word_1_11' title='bbox 515 430 699 481; x_wconf 88' lang='lat' dir='ltr'><strong>irrisus</strong></span> <span class='ocrx_word' id='word_1_12' title='bbox 736 444 795 480; x_wconf 85' lang='lat' dir='ltr'><strong>se</strong></span> <span class='ocrx_word' id='word_1_13' title='bbox 831 442 1040 493; x_wconf 88' lang='lat' dir='ltr'><strong>quoque</strong></span> <span class='ocrx_word' id='word_1_14' title='bbox 1076 429 1190 494; x_wconf 88' lang='lat' dir='ltr'><strong>ipse</strong></span> <span class='ocrx_word' id='word_1_15' title='bbox 1227 426 1470 481; x_wconf 72' lang='lat' dir='ltr'><strong>irrideatz</strong></span> 
     </span>
     <span class='ocr_line' id='line_1_4' title="bbox 93 515 1372 586; baseline -0.003 -15"><span class='ocrx_word' id='word_1_16' title='bbox 93 535 212 571; x_wconf 75' lang='lat' dir='ltr'><strong>nam</strong></span> <span class='ocrx_word' id='word_1_17' title='bbox 249 523 403 586; x_wconf 90' lang='lat' dir='ltr'><strong>turpe</strong></span> <span class='ocrx_word' id='word_1_18' title='bbox 440 524 519 569; x_wconf 90' lang='lat' dir='ltr'><strong>est</strong></span> <span class='ocrx_word' id='word_1_19' title='bbox 557 517 691 568; x_wconf 84' lang='lat' dir='ltr'><strong>vinci</strong></span> <span class='ocrx_word' id='word_1_20' title='bbox 728 517 1019 582; x_wconf 86' lang='lat' dir='ltr'><strong>sapientem</strong></span> <span class='ocrx_word' id='word_1_21' title='bbox 1059 532 1088 566; x_wconf 89' lang='lat' dir='ltr'><strong>a</strong></span> <span class='ocrx_word' id='word_1_22' title='bbox 1126 515 1372 567; x_wconf 82' lang='lat' dir='ltr'><strong>convitio.</strong></span> 
     </span>
     <span class='ocr_line' id='line_1_5' title="bbox 93 603 1314 671; baseline -0.004 -13"><span class='ocrx_word' id='word_1_23' title='bbox 93 607 384 658; x_wconf 72' lang='lat' dir='ltr'><strong>dissimulat</strong></span> <span class='ocrx_word' id='word_1_24' title='bbox 422 622 583 657; x_wconf 82' lang='lat' dir='ltr'><strong>annos</strong></span> <span class='ocrx_word' id='word_1_25' title='bbox 620 605 824 671; x_wconf 74' lang='lat' dir='ltr'><strong>aliquiS,</strong></span> <span class='ocrx_word' id='word_1_26' title='bbox 862 609 915 654; x_wconf 89' lang='lat' dir='ltr'><strong>et</strong></span> <span class='ocrx_word' id='word_1_27' title='bbox 953 603 1073 655; x_wconf 83' lang='lat' dir='ltr'><strong>fuco</strong></span> <span class='ocrx_word' id='word_1_28' title='bbox 1112 619 1314 654; x_wconf 89' lang='lat' dir='ltr'><strong>comam</strong></span> 
     </span>
    </p>

    <p class='ocr_par' dir='ltr' id='par_1_3' title="bbox 0 682 1254 763">
     <span class='ocr_line' id='line_1_6' title="bbox 0 682 1254 763; baseline -0.003 -17"><span class='ocrx_word' id='word_1_29' title='bbox 0 682 3 698; x_wconf 76' lang='lat'>&#39;</span> <span class='ocrx_word' id='word_1_30' title='bbox 91 697 261 763; x_wconf 84' lang='lat' dir='ltr'><strong>tingit,</strong></span> <span class='ocrx_word' id='word_1_31' title='bbox 299 697 537 746; x_wconf 78' lang='lat' dir='ltr'><strong>laborans</strong></span> <span class='ocrx_word' id='word_1_32' title='bbox 576 710 678 745; x_wconf 92' lang='lat' dir='ltr'><strong>non</strong></span> <span class='ocrx_word' id='word_1_33' title='bbox 717 708 844 744; x_wconf 86' lang='lat' dir='ltr'><strong>suae</strong></span> <span class='ocrx_word' id='word_1_34' title='bbox 879 693 1064 744; x_wconf 82' lang='lat' dir='ltr'><strong>aetatis</strong></span> <span class='ocrx_word' id='word_1_35' title='bbox 1102 693 1254 744; x_wconf 89' lang='lat' dir='ltr'><strong>malo.</strong></span> 
     </span>
    </p>

    <p class='ocr_par' dir='ltr' id='par_1_4' title="bbox 0 781 1688 1202">
     <span class='ocr_line' id='line_1_7' title="bbox 0 781 1393 850; baseline -0.004 -14"><span class='ocrx_word' id='word_1_36' title='bbox 0 794 4 850; x_wconf 66' lang='grc' dir='ltr'><strong>,ἰ</strong></span> <span class='ocrx_word' id='word_1_37' title='bbox 96 786 383 836; x_wconf 81' lang='lat' dir='ltr'><strong>Catamitus</strong></span> <span class='ocrx_word' id='word_1_38' title='bbox 419 784 508 834; x_wconf 77' lang='lat' dir='ltr'><strong>hic</strong></span> <span class='ocrx_word' id='word_1_39' title='bbox 545 783 611 833; x_wconf 90' lang='lat' dir='ltr'><strong>sit</strong></span> <span class='ocrx_word' id='word_1_40' title='bbox 647 783 764 837; x_wconf 85' lang='lat' dir='ltr'><strong>albo</strong></span> <span class='ocrx_word' id='word_1_41' title='bbox 804 782 1091 849; x_wconf 82' lang='lat' dir='ltr'><strong>adscriptus</strong></span> <span class='ocrx_word' id='word_1_42' title='bbox 1131 781 1393 846; x_wconf 69' lang='lat' dir='ltr'><strong>caelitum,</strong></span> 
     </span>
     <span class='ocr_line' id='line_1_8' title="bbox 93 870 1236 941; baseline -0.002 -16.226"><span class='ocrx_word' id='word_1_43' title='bbox 93 874 347 941; x_wconf 74' lang='lat' dir='ltr'><strong>captanda</strong></span> <span class='ocrx_word' id='word_1_44' title='bbox 383 873 579 934; x_wconf 79' lang='lat' dir='ltr'><strong>altoris,</strong></span> <span class='ocrx_word' id='word_1_45' title='bbox 619 873 673 922; x_wconf 89' lang='lat' dir='ltr'><strong>in</strong></span> <span class='ocrx_word' id='word_1_46' title='bbox 711 871 1016 938; x_wconf 86' lang='lat' dir='ltr'><strong>perniciem,</strong></span> <span class='ocrx_word' id='word_1_47' title='bbox 1051 870 1236 938; x_wconf 83' lang='lat' dir='ltr'><strong>gratia.</strong></span> 
     </span>
     <span class='ocr_line' id='line_1_9' title="bbox 90 958 1688 1027; baseline -0.003 -13"><span class='ocrx_word' id='word_1_48' title='bbox 90 964 287 1014; x_wconf 82' lang='lat' dir='ltr'><strong>bellum</strong></span> <span class='ocrx_word' id='word_1_49' title='bbox 325 962 511 1027; x_wconf 74' lang='lat' dir='ltr'><strong>aliquis</strong></span> <span class='ocrx_word' id='word_1_50' title='bbox 549 962 684 1027; x_wconf 83' lang='lat' dir='ltr'><strong>gerit</strong></span> <span class='ocrx_word' id='word_1_51' title='bbox 720 961 772 1010; x_wconf 92' lang='lat' dir='ltr'><strong>in</strong></span> <span class='ocrx_word' id='word_1_52' title='bbox 812 976 992 1011; x_wconf 80' lang='lat' dir='ltr'><strong>mensa</strong></span> <span class='ocrx_word' id='word_1_53' title='bbox 1029 964 1084 1008; x_wconf 88' lang='lat' dir='ltr'><strong>et</strong></span> <span class='ocrx_word' id='word_1_54' title='bbox 1119 958 1310 1010; x_wconf 78' lang='lat' dir='ltr'><strong>fartum</strong></span> <span class='ocrx_word' id='word_1_55' title='bbox 1349 976 1411 1011; x_wconf 85' lang='lat' dir='ltr'><strong>ex</strong></span> <span class='ocrx_word' id='word_1_56' title='bbox 1450 958 1688 1017; x_wconf 79' lang='lat' dir='ltr'><strong>hostibus</strong></span> 
     </span>
     <span class='ocr_line' id='line_1_10' title="bbox 91 1046 1214 1109; baseline -0.004 -9"><span class='ocrx_word' id='word_1_57' title='bbox 91 1050 232 1101; x_wconf 72' lang='lat' dir='ltr'><strong>facit.</strong></span> <span class='ocrx_word' id='word_1_58' title='bbox 306 1048 447 1099; x_wconf 88' lang='lat' dir='ltr'><strong>hunc</strong></span> <span class='ocrx_word' id='word_1_59' title='bbox 484 1053 540 1097; x_wconf 86' lang='lat' dir='ltr'><strong>tu</strong></span> <span class='ocrx_word' id='word_1_60' title='bbox 575 1046 700 1097; x_wconf 81' lang='lat' dir='ltr'><strong>forti</strong></span> <span class='ocrx_word' id='word_1_61' title='bbox 726 1047 942 1109; x_wconf 57' lang='lat' dir='ltr'><strong>vindica</strong></span> <span class='ocrx_word' id='word_1_62' title='bbox 980 1047 1214 1099; x_wconf 82' lang='lat' dir='ltr'><strong>silentio:</strong></span> 
     </span>
     <span class='ocr_line' id='line_1_11' title="bbox 92 1134 1118 1202; baseline -0.005 -13"><span class='ocrx_word' id='word_1_63' title='bbox 92 1138 316 1190; x_wconf 81' lang='lat' dir='ltr'><strong>collecta</strong></span> <span class='ocrx_word' id='word_1_64' title='bbox 350 1135 471 1187; x_wconf 88' lang='lat' dir='ltr'><strong>bilis</strong></span> <span class='ocrx_word' id='word_1_65' title='bbox 507 1135 560 1186; x_wconf 90' lang='lat' dir='ltr'><strong>in</strong></span> <span class='ocrx_word' id='word_1_66' title='bbox 599 1134 802 1202; x_wconf 72' lang='lat' dir='ltr'><strong>patinas</strong></span> <span class='ocrx_word' id='word_1_67' title='bbox 840 1135 1118 1187; x_wconf 77' lang='lat' dir='ltr'><strong>desaeviat.</strong></span> 
     </span>
    </p>

    <p class='ocr_par' dir='ltr' id='par_1_5' title="bbox 89 1224 1191 1292">
     <span class='ocr_line' id='line_1_12' title="bbox 89 1224 1191 1292; baseline -0.005 -13"><span class='ocrx_word' id='word_1_68' title='bbox 89 1227 172 1279; x_wconf 80' lang='lat' dir='ltr'><strong>his</strong></span> <span class='ocrx_word' id='word_1_69' title='bbox 209 1226 384 1288; x_wconf 76' lang='lat' dir='ltr'><strong>tantis,</strong></span> <span class='ocrx_word' id='word_1_70' title='bbox 421 1224 588 1292; x_wconf 88' lang='lat' dir='ltr'><strong>pueri,</strong></span> <span class='ocrx_word' id='word_1_71' title='bbox 626 1240 711 1279; x_wconf 90' lang='lat' dir='ltr'><strong>me</strong></span> <span class='ocrx_word' id='word_1_72' title='bbox 748 1240 926 1290; x_wconf 88' lang='lat' dir='ltr'><strong>parem</strong></span> <span class='ocrx_word' id='word_1_73' title='bbox 965 1225 1191 1291; x_wconf 78' lang='lat' dir='ltr'><strong>negotiis</strong></span> 
     </span>
    </p>

    <p class='ocr_par' dir='ltr' id='par_1_6' title="bbox 89 1313 1348 1559">
     <span class='ocr_line' id='line_1_13' title="bbox 93 1313 1299 1383; baseline -0.004 -15"><span class='ocrx_word' id='word_1_74' title='bbox 93 1322 278 1369; x_wconf 76' lang='lat' dir='ltr'><strong>nsturs</strong></span> <span class='ocrx_word' id='word_1_75' title='bbox 313 1315 526 1383; x_wconf 79' lang='lat' dir='ltr'><strong>genuit:</strong></span> <span class='ocrx_word' id='word_1_76' title='bbox 564 1329 682 1371; x_wconf 66' lang='lat' dir='ltr'><strong>nam</strong></span> <span class='ocrx_word' id='word_1_77' title='bbox 721 1313 849 1364; x_wconf 82' lang='lat' dir='ltr'><strong>mihi</strong></span> <span class='ocrx_word' id='word_1_78' title='bbox 885 1313 1074 1364; x_wconf 87' lang='lat' dir='ltr'><strong>adsunt</strong></span> <span class='ocrx_word' id='word_1_79' title='bbox 1109 1314 1299 1376; x_wconf 86' lang='lat' dir='ltr'><strong>omnia,</strong></span> 
     </span>
     <span class='ocr_line' id='line_1_14' title="bbox 91 1401 1348 1472; baseline -0.002 -15"><span class='ocrx_word' id='word_1_80' title='bbox 91 1421 226 1472; x_wconf 83' lang='lat' dir='ltr'><strong>quse</strong></span> <span class='ocrx_word' id='word_1_81' title='bbox 261 1405 445 1456; x_wconf 75' lang='lat' dir='ltr'><strong>adesse</strong></span> <span class='ocrx_word' id='word_1_82' title='bbox 481 1407 688 1470; x_wconf 80' lang='lat' dir='ltr'><strong>oportet</strong></span> <span class='ocrx_word' id='word_1_83' title='bbox 725 1401 792 1452; x_wconf 89' lang='lat' dir='ltr'><strong>de</strong></span> <span class='ocrx_word' id='word_1_84' title='bbox 828 1401 1002 1453; x_wconf 81' lang='lat' dir='ltr'><strong>alieno</strong></span> <span class='ocrx_word' id='word_1_85' title='bbox 1041 1402 1348 1464; x_wconf 81' lang='lat' dir='ltr'><strong>viventibus,</strong></span> 
     </span>
     <span class='ocr_line' id='line_1_15' title="bbox 89 1490 1157 1559; baseline -0.003 -14"><span class='ocrx_word' id='word_1_86' title='bbox 89 1494 277 1556; x_wconf 77' lang='lat' dir='ltr'><strong>fames,</strong></span> <span class='ocrx_word' id='word_1_87' title='bbox 314 1490 536 1559; x_wconf 75' lang='lat' dir='ltr'><strong>pigritia,</strong></span> <span class='ocrx_word' id='word_1_88' title='bbox 575 1496 775 1553; x_wconf 75' lang='lat' dir='ltr'><strong>venter,</strong></span> <span class='ocrx_word' id='word_1_89' title='bbox 808 1491 1157 1558; x_wconf 86' lang='lat' dir='ltr'><strong>impudentia:</strong></span> 
     </span>
    </p>

    <p class='ocr_par' dir='ltr' id='par_1_7' title="bbox 87 1580 1398 1733">
     <span class='ocr_line' id='line_1_16' title="bbox 87 1580 1398 1648; baseline 0 -15"><span class='ocrx_word' id='word_1_90' title='bbox 87 1589 246 1648; x_wconf 77' lang='lat' dir='ltr'><strong>stquo</strong></span> <span class='ocrx_word' id='word_1_91' title='bbox 281 1581 412 1632; x_wconf 73' lang='lat' dir='ltr'><strong>adeo</strong></span> <span class='ocrx_word' id='word_1_92' title='bbox 450 1594 588 1631; x_wconf 88' lang='lat' dir='ltr'><strong>nunc</strong></span> <span class='ocrx_word' id='word_1_93' title='bbox 625 1595 710 1630; x_wconf 91' lang='lat' dir='ltr'><strong>me</strong></span> <span class='ocrx_word' id='word_1_94' title='bbox 746 1596 838 1634; x_wconf 79' lang='lat' dir='ltr'><strong>rex</strong></span> <span class='ocrx_word' id='word_1_95' title='bbox 877 1580 1141 1648; x_wconf 81' lang='lat' dir='ltr'><strong>Lydorum</strong></span> <span class='ocrx_word' id='word_1_96' title='bbox 1181 1581 1398 1634; x_wconf 86' lang='lat' dir='ltr'><strong>divitum</strong></span> 
     </span>
     <span class='ocr_line' id='line_1_17' title="bbox 87 1667 1239 1733; baseline -0.001 -10"><span class='ocrx_word' id='word_1_97' title='bbox 87 1671 307 1723; x_wconf 73' lang='lat' dir='ltr'><strong>amicum</strong></span> <span class='ocrx_word' id='word_1_98' title='bbox 346 1667 511 1720; x_wconf 85' lang='lat' dir='ltr'><strong>voluit</strong></span> <span class='ocrx_word' id='word_1_99' title='bbox 550 1684 685 1733; x_wconf 88' lang='lat' dir='ltr'><strong>esse,</strong></span> <span class='ocrx_word' id='word_1_100' title='bbox 724 1675 778 1721; x_wconf 90' lang='lat' dir='ltr'><strong>et</strong></span> <span class='ocrx_word' id='word_1_101' title='bbox 816 1671 1084 1722; x_wconf 81' lang='lat' dir='ltr'><strong>convivam</strong></span> <span class='ocrx_word' id='word_1_102' title='bbox 1122 1671 1239 1724; x_wconf 86' lang='lat' dir='ltr'><strong>sibi.</strong></span> 
     </span>
    </p>
   </div>
   <div class='ocr_carea' id='block_1_3' title="bbox 434 1959 1681 2059">
    <p class='ocr_par' dir='ltr' id='par_1_8' title="bbox 434 1959 1681 2059">
     <span class='ocr_line' id='line_1_18' title="bbox 434 1959 1681 2059; baseline 0.006 -10"><span class='ocrx_word' id='word_1_103' title='bbox 434 1959 1681 2059; x_wconf 61' lang='lat' dir='ltr'><strong>NlcomAcflus‘</strong></span> 
     </span>
    </p>
   </div>
   <div class='ocr_carea' id='block_1_4' title="bbox 669 2186 1379 2246">
    <p class='ocr_par' dir='ltr' id='par_1_9' title="bbox 669 2186 1379 2246">
     <span class='ocr_line' id='line_1_19' title="bbox 669 2186 1379 2246; baseline 0.007 -6"><span class='ocrx_word' id='word_1_104' title='bbox 669 2186 1379 2246; x_wconf 83' lang='grc' dir='ltr'><em>ΕΙΛΕΙΘΥΙΑ.</em></span> 
     </span>
    </p>
   </div>
   <div class='ocr_carea' id='block_1_5' title="bbox 0 2295 1514 2896">
    <p class='ocr_par' dir='ltr' id='par_1_10' title="bbox 92 2295 1343 2367">
     <span class='ocr_line' id='line_1_20' title="bbox 92 2295 1343 2367; baseline 0.001 -16"><span class='ocrx_word' id='word_1_105' title='bbox 92 2297 362 2367; x_wconf 70' lang='lat' dir='ltr'><strong>Ingenium</strong></span> <span class='ocrx_word' id='word_1_106' title='bbox 400 2295 631 2364; x_wconf 87' lang='lat' dir='ltr'><strong>lepidum</strong></span> <span class='ocrx_word' id='word_1_107' title='bbox 670 2297 904 2351; x_wconf 86' lang='lat' dir='ltr'><strong>ostendis</strong></span> <span class='ocrx_word' id='word_1_108' title='bbox 944 2314 1006 2350; x_wconf 87' lang='lat' dir='ltr'><strong>ac</strong></span> <span class='ocrx_word' id='word_1_109' title='bbox 1043 2300 1343 2352; x_wconf 74' lang='lat' dir='ltr'><strong>tractabile:</strong></span> 
     </span>
    </p>

    <p class='ocr_par' dir='ltr' id='par_1_11' title="bbox 0 2386 1514 2896">
     <span class='ocr_line' id='line_1_21' title="bbox 89 2386 1360 2454; baseline 0.001 -15"><span class='ocrx_word' id='word_1_110' title='bbox 89 2386 182 2439; x_wconf 82' lang='lat' dir='ltr'><strong>sed</strong></span> <span class='ocrx_word' id='word_1_111' title='bbox 219 2386 549 2454; x_wconf 76' lang='lat' dir='ltr'><strong>negligenter</strong></span> <span class='ocrx_word' id='word_1_112' title='bbox 584 2387 670 2437; x_wconf 87' lang='lat' dir='ltr'><strong>hic</strong></span> <span class='ocrx_word' id='word_1_113' title='bbox 706 2386 868 2439; x_wconf 81' lang='lat' dir='ltr'><strong>fuisti.</strong></span> <span class='ocrx_word' id='word_1_114' title='bbox 945 2388 1004 2439; x_wconf 90' lang='lat' dir='ltr'><strong>B.</strong></span> <span class='ocrx_word' id='word_1_115' title='bbox 1044 2389 1360 2453; x_wconf 71' lang='lat' dir='ltr'><strong>Quomodo?</strong></span> 
     </span>
     <span class='ocr_line' id='line_1_22' title="bbox 26 2461 1474 2543; baseline 0.001 -14"><span class='ocrx_word' id='word_1_116' title='bbox 26 2461 29 2466; x_wconf 36' lang='lat'><strong>⁴</strong></span> <span class='ocrx_word' id='word_1_117' title='bbox 85 2477 151 2529; x_wconf 81' lang='grc' dir='ltr'><strong>Δ.</strong></span> <span class='ocrx_word' id='word_1_118' title='bbox 186 2476 302 2529; x_wconf 83' lang='lat' dir='ltr'><strong>Non</strong></span> <span class='ocrx_word' id='word_1_119' title='bbox 341 2474 621 2543; x_wconf 82' lang='lat' dir='ltr'><strong>explorasti</strong></span> <span class='ocrx_word' id='word_1_120' title='bbox 657 2476 711 2527; x_wconf 88' lang='lat' dir='ltr'><strong>in</strong></span> <span class='ocrx_word' id='word_1_121' title='bbox 750 2482 863 2527; x_wconf 85' lang='lat' dir='ltr'><strong>arte</strong></span> <span class='ocrx_word' id='word_1_122' title='bbox 900 2492 985 2527; x_wconf 90' lang='lat' dir='ltr'><strong>me</strong></span> <span class='ocrx_word' id='word_1_123' title='bbox 1023 2483 1247 2542; x_wconf 80' lang='lat' dir='ltr'><strong>quantus</strong></span> <span class='ocrx_word' id='word_1_124' title='bbox 1286 2477 1474 2532; x_wconf 83' lang='lat' dir='ltr'><strong>forem.</strong></span> 
     </span>
     <span class='ocr_line' id='line_1_23' title="bbox 0 2563 1411 2632; baseline 0.003 -15"><span class='ocrx_word' id='word_1_125' title='bbox 0 2583 1 2586; x_wconf 48' lang='lat'>¹</span> <span class='ocrx_word' id='word_1_126' title='bbox 85 2581 151 2617; x_wconf 73' lang='lat' dir='ltr'><strong>nn</strong></span> <span class='ocrx_word' id='word_1_127' title='bbox 188 2563 331 2616; x_wconf 73' lang='lat' dir='ltr'><strong>forte</strong></span> <span class='ocrx_word' id='word_1_128' title='bbox 365 2565 431 2615; x_wconf 76' lang='lat' dir='ltr'><strong>sb</strong></span> <span class='ocrx_word' id='word_1_129' title='bbox 469 2563 583 2615; x_wconf 74' lang='lat' dir='ltr'><strong>aliis</strong></span> <span class='ocrx_word' id='word_1_130' title='bbox 620 2581 731 2616; x_wconf 91' lang='lat' dir='ltr'><strong>rem</strong></span> <span class='ocrx_word' id='word_1_131' title='bbox 769 2566 858 2631; x_wconf 86' lang='lat' dir='ltr'><strong>qui</strong></span> <span class='ocrx_word' id='word_1_132' title='bbox 898 2566 1097 2616; x_wconf 88' lang='lat' dir='ltr'><strong>scirent</strong></span> <span class='ocrx_word' id='word_1_133' title='bbox 1134 2567 1411 2632; x_wconf 84' lang='lat' dir='ltr'><strong>didiceras,</strong></span> 
     </span>
     <span class='ocr_line' id='line_1_24' title="bbox 34 2653 1514 2721; baseline 0.006 -21"><span class='ocrx_word' id='word_1_134' title='bbox 34 2691 36 2700; x_wconf 80' lang='grc'>,</span> <span class='ocrx_word' id='word_1_135' title='bbox 86 2659 243 2721; x_wconf 73' lang='lat' dir='ltr'><strong>atque</strong></span> <span class='ocrx_word' id='word_1_136' title='bbox 277 2656 351 2706; x_wconf 79' lang='lat' dir='ltr'><strong>its</strong></span> <span class='ocrx_word' id='word_1_137' title='bbox 389 2670 473 2704; x_wconf 89' lang='lat' dir='ltr'><strong>me</strong></span> <span class='ocrx_word' id='word_1_138' title='bbox 511 2653 841 2705; x_wconf 71' lang='lat' dir='ltr'><strong>conduxisti?</strong></span> <span class='ocrx_word' id='word_1_139' title='bbox 913 2655 973 2706; x_wconf 90' lang='lat' dir='ltr'><strong>B.</strong></span> <span class='ocrx_word' id='word_1_140' title='bbox 1018 2655 1103 2706; x_wconf 79' lang='lat' dir='ltr'><strong>Nil</strong></span> <span class='ocrx_word' id='word_1_141' title='bbox 1143 2663 1288 2709; x_wconf 89' lang='lat' dir='ltr'><strong>certe</strong></span> <span class='ocrx_word' id='word_1_142' title='bbox 1325 2660 1514 2711; x_wconf 85' lang='lat' dir='ltr'><strong>minus.</strong></span> 
     </span>
     <span class='ocr_line' id='line_1_25' title="bbox 0 2741 1388 2812; baseline 0.004 -19"><span class='ocrx_word' id='word_1_143' title='bbox 0 2751 1 2754; x_wconf 78' lang='grc'>’</span> <span class='ocrx_word' id='word_1_144' title='bbox 89 2741 154 2794; x_wconf 82' lang='grc' dir='ltr'><strong>Δ.</strong></span> <span class='ocrx_word' id='word_1_145' title='bbox 192 2741 404 2809; x_wconf 70' lang='lat' dir='ltr'><strong>ignoras</strong></span> <span class='ocrx_word' id='word_1_146' title='bbox 439 2742 601 2809; x_wconf 82' lang='lat' dir='ltr'><strong>igitur</strong></span> <span class='ocrx_word' id='word_1_147' title='bbox 639 2741 795 2805; x_wconf 79' lang='lat' dir='ltr'><strong>forte,</strong></span> <span class='ocrx_word' id='word_1_148' title='bbox 834 2741 1059 2797; x_wconf 76' lang='lat' dir='ltr'><strong>famulus</strong></span> <span class='ocrx_word' id='word_1_149' title='bbox 1099 2749 1153 2794; x_wconf 90' lang='lat' dir='ltr'><strong>et</strong></span> <span class='ocrx_word' id='word_1_150' title='bbox 1190 2761 1388 2812; x_wconf 89' lang='lat' dir='ltr'><strong>coquus</strong></span> 
     </span>
     <span class='ocr_line' id='line_1_26' title="bbox 0 2828 1484 2896; baseline 0.004 -15"><span class='ocrx_word' id='word_1_151' title='bbox 0 2874 1 2881; x_wconf 73' lang='grc'>,</span> <span class='ocrx_word' id='word_1_152' title='bbox 35 2849 39 2890; x_wconf 76' lang='lat'>1</span> <span class='ocrx_word' id='word_1_153' title='bbox 90 2828 213 2896; x_wconf 78' lang='lat' dir='ltr'><strong>quid</strong></span> <span class='ocrx_word' id='word_1_154' title='bbox 248 2830 457 2884; x_wconf 80' lang='lat' dir='ltr'><strong>distent.</strong></span> <span class='ocrx_word' id='word_1_155' title='bbox 532 2833 592 2883; x_wconf 90' lang='lat' dir='ltr'><strong>B.</strong></span> <span class='ocrx_word' id='word_1_156' title='bbox 634 2834 700 2884; x_wconf 83' lang='lat' dir='ltr'><strong>At</strong></span> <span class='ocrx_word' id='word_1_157' title='bbox 737 2832 781 2883; x_wconf 86' lang='lat' dir='ltr'><strong>si</strong></span> <span class='ocrx_word' id='word_1_158' title='bbox 821 2831 1082 2894; x_wconf 75' lang='lat' dir='ltr'><strong>docueris,</strong></span> <span class='ocrx_word' id='word_1_159' title='bbox 1122 2833 1221 2884; x_wconf 89' lang='lat' dir='ltr'><strong>iam</strong></span> <span class='ocrx_word' id='word_1_160' title='bbox 1262 2837 1484 2888; x_wconf 78' lang='lat' dir='ltr'><strong>scivero.</strong></span> 
     </span>
    </p>
   </div>
   <div class='ocr_carea' id='block_1_6' title="bbox 861 2123 1184 2135">
    <p class='ocr_par' dir='ltr' id='par_1_12' title="bbox 861 2123 1184 2135">
     <span class='ocr_line' id='line_1_27' title="bbox 861 2123 1184 2135; baseline 0 1783"><span class='ocrx_word' id='word_1_161' title='bbox 861 2123 1184 2135; x_wconf 95' lang='lat' dir='ltr'><strong> </strong></span> 
     </span>
    </p>
   </div>
   <div class='ocr_carea' id='block_1_7' title="bbox 14 3212 53 3918">
    <p class='ocr_par' dir='ltr' id='par_1_13' title="bbox 14 3212 53 3918">
     <span class='ocr_line' id='line_1_28' title="bbox 14 3212 53 3918; baseline 0 0"><span class='ocrx_word' id='word_1_162' title='bbox 14 3212 53 3918; x_wconf 95' lang='lat' dir='ltr'><strong>   </strong></span> 
     </span>
    </p>
   </div>
   <div class='ocr_carea' id='block_1_8' title="bbox 0 2917 1649 3430">
    <p class='ocr_par' dir='ltr' id='par_1_14' title="bbox 37 2917 1425 2988">
     <span class='ocr_line' id='line_1_29' title="bbox 37 2917 1425 2988; baseline 0.006 -20"><span class='ocrx_word' id='word_1_163' title='bbox 37 2927 39 2938; x_wconf 68' lang='lat'><strong><em>¹</em></strong></span> <span class='ocrx_word' id='word_1_164' title='bbox 90 2917 155 2969; x_wconf 88' lang='grc' dir='ltr'><strong>Δ.</strong></span> <span class='ocrx_word' id='word_1_165' title='bbox 192 2918 442 2987; x_wconf 76' lang='lat' dir='ltr'><strong>Accipere</strong></span> <span class='ocrx_word' id='word_1_166' title='bbox 477 2921 541 2971; x_wconf 85' lang='lat' dir='ltr'><strong>ab</strong></span> <span class='ocrx_word' id='word_1_167' title='bbox 578 2921 681 2975; x_wconf 85' lang='lat' dir='ltr'><strong>alio</strong></span> <span class='ocrx_word' id='word_1_168' title='bbox 721 2924 1094 2988; x_wconf 76' lang='lat' dir='ltr'><strong>praestinatum</strong></span> <span class='ocrx_word' id='word_1_169' title='bbox 1131 2925 1425 2988; x_wconf 85' lang='lat' dir='ltr'><strong>obsonium,</strong></span> 
     </span>
    </p>

    <p class='ocr_par' dir='ltr' id='par_1_15' title="bbox 0 2998 1423 3079">
     <span class='ocr_line' id='line_1_30' title="bbox 0 2998 1423 3079; baseline 0.008 -24"><span class='ocrx_word' id='word_1_170' title='bbox 0 3020 5 3053; x_wconf 65' lang='grc' dir='ltr'>ῑ</span> <span class='ocrx_word' id='word_1_171' title='bbox 40 3035 41 3043; x_wconf 46' lang='lat'>1</span> <span class='ocrx_word' id='word_1_172' title='bbox 87 3005 141 3057; x_wconf 87' lang='lat' dir='ltr'><strong>id</strong></span> <span class='ocrx_word' id='word_1_173' title='bbox 181 3005 258 3057; x_wconf 77' lang='lat' dir='ltr'><strong>sic</strong></span> <span class='ocrx_word' id='word_1_174' title='bbox 293 3013 352 3058; x_wconf 89' lang='lat' dir='ltr'><strong>ut</strong></span> <span class='ocrx_word' id='word_1_175' title='bbox 385 3015 594 3078; x_wconf 86' lang='lat' dir='ltr'><strong>oportet</strong></span> <span class='ocrx_word' id='word_1_176' title='bbox 631 3012 995 3063; x_wconf 86' lang='lat' dir='ltr'><strong>concinnatum</strong></span> <span class='ocrx_word' id='word_1_177' title='bbox 1033 3012 1276 3079; x_wconf 87' lang='lat' dir='ltr'><strong>reddere,</strong></span> <span class='ocrx_word' id='word_1_178' title='bbox 1413 2998 1423 3008; x_wconf 59' lang='grc'><strong>’</strong></span> 
     </span>
    </p>

    <p class='ocr_par' dir='ltr' id='par_1_16' title="bbox 0 3092 1649 3344">
     <span class='ocr_line' id='line_1_31' title="bbox 0 3092 1649 3172; baseline 0.008 -29"><span class='ocrx_word' id='word_1_179' title='bbox 0 3110 9 3150; x_wconf 65' lang='lat' dir='ltr'>s</span> <span class='ocrx_word' id='word_1_180' title='bbox 87 3092 271 3145; x_wconf 70' lang='lat' dir='ltr'><strong>famuli</strong></span> <span class='ocrx_word' id='word_1_181' title='bbox 307 3102 427 3146; x_wconf 84' lang='lat' dir='ltr'><strong>sunt</strong></span> <span class='ocrx_word' id='word_1_182' title='bbox 464 3113 641 3165; x_wconf 80' lang='lat' dir='ltr'><strong>opera,</strong></span> <span class='ocrx_word' id='word_1_183' title='bbox 679 3117 781 3152; x_wconf 88' lang='lat' dir='ltr'><strong>non</strong></span> <span class='ocrx_word' id='word_1_184' title='bbox 823 3102 992 3168; x_wconf 86' lang='lat' dir='ltr'><strong>coqui.</strong></span> <span class='ocrx_word' id='word_1_185' title='bbox 1067 3103 1127 3154; x_wconf 89' lang='lat' dir='ltr'><strong>B.</strong></span> <span class='ocrx_word' id='word_1_186' title='bbox 1168 3104 1306 3169; x_wconf 76' lang='lat' dir='ltr'><strong>Quid</strong></span> <span class='ocrx_word' id='word_1_187' title='bbox 1344 3104 1649 3172; x_wconf 73' lang='lat' dir='ltr'><strong>praedicas?</strong></span> 
     </span>
     <span class='ocr_line' id='line_1_32' title="bbox 86 3183 1349 3258; baseline 0.011 -25"><span class='ocrx_word' id='word_1_188' title='bbox 86 3185 151 3237; x_wconf 80' lang='grc' dir='ltr'><strong>Δ.</strong></span> <span class='ocrx_word' id='word_1_189' title='bbox 193 3183 362 3248; x_wconf 85' lang='lat' dir='ltr'><strong>Coqul</strong></span> <span class='ocrx_word' id='word_1_190' title='bbox 402 3183 619 3250; x_wconf 76' lang='lat' dir='ltr'><strong>perfecti</strong></span> <span class='ocrx_word' id='word_1_191' title='bbox 658 3188 814 3256; x_wconf 79' lang='lat' dir='ltr'><strong>longe</strong></span> <span class='ocrx_word' id='word_1_192' title='bbox 854 3198 934 3241; x_wconf 87' lang='lat' dir='ltr'><strong>est</strong></span> <span class='ocrx_word' id='word_1_193' title='bbox 970 3191 1070 3242; x_wconf 86' lang='lat' dir='ltr'><strong>alia</strong></span> <span class='ocrx_word' id='word_1_194' title='bbox 1108 3192 1349 3258; x_wconf 74' lang='lat' dir='ltr'><strong>qualitas.</strong></span> 
     </span>
     <span class='ocr_line' id='line_1_33' title="bbox 89 3271 1226 3344; baseline 0.01 -23"><span class='ocrx_word' id='word_1_195' title='bbox 89 3271 281 3322; x_wconf 74' lang='lat' dir='ltr'><strong>mults·</strong></span> <span class='ocrx_word' id='word_1_196' title='bbox 315 3287 416 3338; x_wconf 74' lang='lat' dir='ltr'><strong>ego</strong></span> <span class='ocrx_word' id='word_1_197' title='bbox 452 3281 591 3326; x_wconf 73' lang='lat' dir='ltr'><strong>artes</strong></span> <span class='ocrx_word' id='word_1_198' title='bbox 629 3276 795 3329; x_wconf 71' lang='lat' dir='ltr'><strong>claras</strong></span> <span class='ocrx_word' id='word_1_199' title='bbox 832 3280 1226 3344; x_wconf 87' lang='lat' dir='ltr'><strong>nominaverim,</strong></span> 
     </span>
    </p>

    <p class='ocr_par' dir='ltr' id='par_1_17' title="bbox 47 3358 1331 3430">
     <span class='ocr_line' id='line_1_34' title="bbox 47 3358 1331 3430; baseline 0.009 -20"><span class='ocrx_word' id='word_1_200' title='bbox 47 3382 50 3420; x_wconf 62' lang='grc' dir='ltr'><strong>ι</strong></span> <span class='ocrx_word' id='word_1_201' title='bbox 89 3375 215 3427; x_wconf 71' lang='lat' dir='ltr'><strong>quus</strong></span> <span class='ocrx_word' id='word_1_202' title='bbox 253 3358 342 3427; x_wconf 87' lang='lat' dir='ltr'><strong>qul</strong></span> <span class='ocrx_word' id='word_1_203' title='bbox 382 3375 483 3413; x_wconf 87' lang='lat' dir='ltr'><strong>non</strong></span> <span class='ocrx_word' id='word_1_204' title='bbox 521 3370 664 3416; x_wconf 83' lang='lat' dir='ltr'><strong>recte</strong></span> <span class='ocrx_word' id='word_1_205' title='bbox 703 3365 961 3430; x_wconf 82' lang='lat' dir='ltr'><strong>didicerit,</strong></span> <span class='ocrx_word' id='word_1_206' title='bbox 1000 3385 1104 3421; x_wconf 90' lang='lat' dir='ltr'><strong>non</strong></span> <span class='ocrx_word' id='word_1_207' title='bbox 1142 3369 1331 3422; x_wconf 80' lang='lat' dir='ltr'><strong>debeat</strong></span> 
     </span>
    </p>
   </div>
   <div class='ocr_carea' id='block_1_9' title="bbox 85 3448 1616 3595">
    <p class='ocr_par' dir='ltr' id='par_1_18' title="bbox 85 3448 1616 3595">
     <span class='ocr_line' id='line_1_35' title="bbox 85 3448 1087 3523; baseline 0.009 -22"><span class='ocrx_word' id='word_1_208' title='bbox 85 3448 152 3501; x_wconf 71' lang='lat' dir='ltr'><strong>cd</strong></span> <span class='ocrx_word' id='word_1_209' title='bbox 187 3457 417 3502; x_wconf 74' lang='lat' dir='ltr'><strong>nostram</strong></span> <span class='ocrx_word' id='word_1_210' title='bbox 455 3451 724 3517; x_wconf 79' lang='lat' dir='ltr'><strong>prosilire:</strong></span> <span class='ocrx_word' id='word_1_211' title='bbox 763 3453 829 3504; x_wconf 88' lang='lat' dir='ltr'><strong>de</strong></span> <span class='ocrx_word' id='word_1_212' title='bbox 865 3454 1087 3523; x_wconf 71' lang='lat' dir='ltr'><strong>pictoris</strong></span> 
     </span>
     <span class='ocr_line' id='line_1_36' title="bbox 1479 3542 1616 3595; baseline 0 0"><span class='ocrx_word' id='word_1_213' title='bbox 1479 3542 1551 3595; x_wconf 83' lang='lat'><strong>54</strong></span> <span class='ocrx_word' id='word_1_214' title='bbox 1594 3545 1616 3571; x_wconf 71' lang='lat'><strong>⁴¹</strong></span> 
     </span>
    </p>
   </div>
   <div class='ocr_carea' id='block_1_10' title="bbox 1846 203 1951 264">
    <p class='ocr_par' dir='ltr' id='par_1_19' title="bbox 1846 203 1951 264">
     <span class='ocr_line' id='line_1_37' title="bbox 1846 203 1951 264; baseline -0.048 0"><span class='ocrx_word' id='word_1_215' title='bbox 1846 203 1951 264; x_wconf 72' lang='lat'><strong>851</strong></span> 
     </span>
    </p>
   </div>
  </div>
 </body>
</html>
