2202 3918
246 190 249 193 ’
273 190 379 242 736
967 184 1409 240 PHILEMONIS

273 330 537 383 hominum
578 322 815 390 defimve,
853 328 994 380 solus
1033 292 1138 379 AEr
1174 328 1266 379 ille
1305 346 1422 396 ego,

273 437 426 488 quem
464 417 674 468 nomine
712 417 811 468 alio
848 385 1148 484 nuncupffnt
1182 418 1512 485 Diespitrem.

272 520 382 562 tum
420 523 543 559 vero
581 505 770 572 ubique
809 522 905 571 ego
929 506 1142 568 adsum,
1180 508 1320 572 quod
1358 507 1624 574 proprium
1663 512 1741 559 est
1778 507 1880 559 dei.

272 598 460 659 Patris,
500 595 717 647 Athenis
755 595 839 644 hic
877 599 930 646 et
965 594 1019 645 in
1056 595 1232 646 Siculo
1271 597 1412 648 solo:

270 691 324 739 in
363 687 577 738 urbibus
616 684 923 750 conspicior,
958 683 1010 733 in
1047 683 1339 750 penatibus·

268 778 415 830 vobis
450 776 502 826 in
539 774 665 841 ipsis
703 773 845 822 nulla
882 773 1208 838 portiuncula
1245 778 1342 836 est,

271 867 362 918 ubi
399 880 502 916 non
539 864 606 913 sit
642 877 762 911 aer:
801 861 956 923 unde,
996 878 1243 928 praesens
1281 862 1519 912 omnibus

274 971 433 1021 quum
473 953 557 1015 sit,
594 966 811 1001 necesse
847 956 925 1000 est
961 966 1137 1002 rerum
1174 956 1227 1001 et
1263 953 1469 1020 ignoret
1507 951 1651 1003 nihil.

452 1046 454 1049 ’
1151 1040 1247 1092 111.

269 1133 338 1183 At
372 1144 464 1179 cur
502 1127 849 1177 Prometheus
884 1128 1037 1177 fictor
1072 1127 1282 1180 humani
1319 1119 1492 1195 gregis

268 1217 705 1280 animantiumque
741 1215 1078 1280 reliquorum,
1117 1231 1274 1266 unam
1307 1215 1526 1283 singulis

267 1306 545 1375 generibus
582 1304 864 1354 bestiarum
903 1309 1139 1355 naturam
1178 1305 1361 1356 dedit?

264 1398 490 1447 immane
528 1393 725 1443 cunctis
762 1393 923 1442 robur
960 1397 1041 1442 est
1076 1393 1347 1444 leonibus:

264 1484 530 1551 ingenium
566 1480 807 1548 pavidum
844 1481 1053 1546 lepores
1088 1496 1339 1547 nusquam
1378 1495 1480 1531 non
1517 1480 1739 1532 habent:

264 1589 364 1626 nec
398 1574 536 1622 inter
573 1570 756 1635 vulpes
794 1570 894 1619 alia
932 1569 1089 1620 vafris
1126 1571 1373 1634 moribuS‚

264 1662 364 1713 alia
401 1665 480 1711 est
516 1653 861 1724 simplicibus:
899 1659 1020 1724 quin
1059 1658 1256 1708 tricena
1292 1658 1522 1723 vulpium

264 1751 310 1800 si
347 1748 488 1798 forte
525 1747 686 1797 millia
721 1748 775 1797 in
812 1762 972 1797 unum
1011 1746 1266 1796 contraxis
1301 1746 1491 1808 locum,

263 1839 363 1888 erit
398 1853 494 1903 per
531 1851 710 1886 omnes
748 1849 882 1885 unus
918 1834 1115 1900 ingenii
1152 1839 1320 1884 tenor.

262 1931 315 1977 at
350 1925 489 1974 inter
524 1923 763 1973 homines
798 1926 923 1987 quot
961 1927 1081 1972 sunt
1116 1938 1333 1973 numero
1373 1938 1608 1988 corpora,

260 2012 479 2064 totidem
516 2010 695 2061 videre
734 2015 813 2061 est
849 2009 1019 2061 studia
1056 2015 1110 2061 et
1144 2010 1350 2061 vivendi
1385 2010 1586 2062 modos.

1139 2100 1230 2153 IV.

259 2191 316 2242 Si
352 2206 465 2240 rem
502 2188 744 2250 fatemur,
782 2188 1012 2239 omnium
1049 2188 1393 2239 miserrimum

258 2294 614 2345 quaecumque
650 2279 826 2328 vivunt
863 2277 1212 2328 aestimandus
1249 2283 1327 2329 est
1364 2278 1541 2330 homo.

258 2384 375 2418 nam
417 2368 620 2418 curiosa
656 2371 840 2416 cuncta
876 2366 1227 2416 sollicitudine

254 2456 445 2506 rimans
481 2454 683 2504 laborat
718 2469 942 2519 semper,
981 2458 1033 2503 et
1070 2469 1227 2519 saepe
1266 2452 1471 2503 excidit.

251 2548 363 2594 tum
398 2547 539 2593 terra
576 2545 741 2591 mater
777 2541 963 2591 ceteris
1001 2542 1347 2592 animantibus

250 2618 622 2697 quotidianum
642 2634 826 2696 sponte
865 2630 1056 2680 victum
1094 2632 1344 2697 suggerit,

250 2720 379 2771 dans
416 2723 632 2785 sponte:
665 2734 786 2780 non,
824 2723 883 2769 ut
919 2720 1087 2781 nobis,
1123 2720 1328 2785 quando
1366 2719 1586 2786 plurima

249 2808 586 2876 praebuimus
622 2806 748 2871 ipsi,
782 2807 918 2871 quod
954 2813 1120 2858 satum
1160 2812 1257 2870 est,
1294 2814 1490 2859 sortem
1531 2823 1726 2859 meram

247 2896 465 2947 resolvit
502 2910 690 2960 aegre:
726 2893 947 2945 foenore
985 2901 1044 2946 ut
1080 2911 1138 2946 se
1174 2896 1363 2946 liberet

248 2986 440 3050 allegat
477 2988 676 3034 aestum
711 2982 794 3034 vel
833 2984 1137 3049 pruinosum
1172 2985 1314 3050 gelu.

250 3090 311 3124 ac
346 3072 503 3134 forte,
539 3071 683 3122 solus
720 3072 924 3137 quando
961 3072 1119 3123 homo
1158 3074 1422 3139 negotium

251 3161 352 3227 ipsi
387 3159 616 3221 facessit,
655 3160 776 3210 dum
812 3159 946 3211 fodit
983 3162 1161 3218 subter
1198 3176 1372 3226 super,

253 3247 589 3301 frustratione
625 3246 724 3298 hac
758 3263 817 3299 se
852 3248 1074 3300 vicissim
1113 3247 1396 3298 ulciscitur.

1146 3336 1212 3387 V.

255 3426 418 3488 Here,
456 3438 707 3492 persaepe
742 3424 979 3477 homines
1014 3425 1252 3492 graviora
1288 3421 1521 3475 efficiunt
1557 3424 1689 3475 mala
