2202 3918
276 196 395 250 ’592
994 194 1446 254 SOSICRATES.

290 337 559 390 Plutarchi
597 338 733 391 Mor.
773 356 821 407 p.
861 339 965 390 813
989 339 1051 389 b=
1088 334 1285 406 μικρὸν
1321 335 1380 388 δὲ
1415 335 1586 401 ποδὸς
1617 338 1626 409 1
1655 336 1904 409 χαλάσαι
1939 335 2149 414 μεγάλῃ

288 423 532 495 κύματος
567 419 722 498 ἀλκῇ.
797 426 892 479 cn·
929 425 1140 477 Servius
1178 427 1244 477 ad
1284 428 1486 494 Virgilii
1524 432 1655 483 Aen.
1687 432 1730 483 V
1767 433 1905 481 8311:
1936 432 2144 498 pedm,

291 519 387 568 hoc
425 523 505 568 est
530 518 748 583 sunem,
798 532 898 583 quo
936 516 1177 566 tenditur
1212 515 1411 579 velum,
1463 519 1601 584 quod
1640 520 1834 570 Graeci
1870 516 2019 569 πόδα
2057 537 2146 571 vo-

290 613 446 668 cant,
485 613 546 656 ut
585 611 664 656 est
674 605 849 673 apud
884 604 1177 655 Pindarum
1215 611 1269 655 et
1305 606 1738 674 Aristophanem.
1813 609 2045 676 Respicit
2082 611 2147 661 ad

289 696 423 761 Equ.
463 695 600 745 406·
649 690 744 742 καὶ
782 689 881 742 τοῦ
917 688 1089 753 ποδὸς
1125 690 1324 762 παρίει.
1412 694 1542 746 Dele
1592 696 1750 765 igitur
1787 697 2144 777 Aristophanis

288 783 472 853 fragm.
509 785 608 835 inc.
648 781 751 833 fab.
790 782 913 834 238.

799 1006 894 1059 Ex
933 1006 1267 1060 INCERTIS
1307 1009 1624 1062 FABULls.

1106 1183 1128 1202 e
1209 1151 1251 1201 I.

532 1250 793 1322 Ἀγαθοὶ
831 1249 890 1318 δὲ
927 1249 990 1304 τὸ
1026 1247 1197 1304 κακόν
1232 1252 1398 1323 ε’σμεν
1433 1249 1527 1324 ἐφ’
1569 1250 1763 1324 ἑτέρων
1799 1246 1952 1316 ἰδεῖν,

537 1356 699 1413 αὐτοὶ
737 1354 792 1411 δ’
834 1350 972 1411 ὅταν
1009 1357 1253 1429 ποιῶμεν
1289 1356 1357 1413 οὐ
1393 1356 1782 1430 γιγνώσκομεν.

426 1479 681 1531 Stobaeua
735 1477 879 1529 Flor.
936 1475 1115 1529 xxm
1169 1479 1204 1529 2
1263 1493 1380 1528 cum
1435 1446 1678 1530 lemmate
1730 1467 2137 1543 Σωσικράτους.

283 1569 523 1636 Euripidi
570 1567 753 1618 tribuit
788 1568 1042 1619 Antonius
1081 1567 1210 1618 Mel.
1249 1584 1301 1635 p.
1339 1567 1462 1620 349.
1546 1565 1639 1617 cer
1675 1565 1951 1618 Menandri
2000 1557 2139 1630 γνώ-

281 1674 393 1722 μας
427 1669 655 1722 μονοστ.
692 1657 763 1707 46
814 1662 867 1708 et
915 1657 1172 1709 Matthiae
1210 1657 1419 1724 Fragm.
1458 1656 1639 1722 Eut-ip.
1679 1671 1733 1722 p.
1768 1655 1891 1705 433.
1977 1655 2062 1709 Va.
2106 1654 2134 1704 1

284 1744 528 1798 Trincav.
565 1739 791 1813 ἑτέρους.
1181 1814 1230 1865 Π

422 1922 723 1975 Athenaeus
762 1922 784 1972 1
825 1938 876 1987 p.
897 1921 961 1971 31
984 1937 1043 1971 e.
1075 1912 1399 1999 Ἀμφίας
1437 1915 1493 1969 δ’
1536 1907 1684 1979 οἶνος
1721 1914 1751 1969 ὁ
1789 1917 2003 1988 φαῦλος
2037 1939 2137 1972 κα-

279 2006 456 2060 λεῖται
511 2006 664 2078 παρὰ
718 2001 1075 2075 Σωσικράτει.
1146 2000 1407 2074 Ἀμφίας
1450 2009 1512 2061 C.
1586 2001 1735 2075 ἄμφι
1787 2010 1847 2060 Β.
1929 2010 2134 2074 8ι1ἰᾱαε,

277 2091 618 2166 Ἀμφίας.
653 2096 875 2168 μέτριος
909 2093 1075 2189 οἰνος.
1150 2092 1530 2165 Νικόστρατος
1573 2089 1849 2168 Οἰνοποιῷ
1880 2096 1974 2148 καὶ
2011 2096 2135 2149 Σω-

278 2181 591 2258 σικράτης.
1168 2258 1260 2310 HL

518 2355 706 2414 ‘'Ol-av
741 2362 948 2415 ποθεῖν
983 2361 1112 2432 λέγῃ
1149 2379 1209 2414 σε
1245 2361 1341 2414 καὶ
1378 2360 1623 2432 στέργειν
1658 2359 1813 2431 γυνή,

526 2467 713 2539 φοβοῦ
745 2464 886 2538 παρ’
921 2464 1091 2530 αὐτῆς
1128 2463 1339 2519 πλείον’
1376 2456 1461 2517 ὦν
1491 2467 1633 2535 λέγει
1667 2465 1824 2523 κακά.

415 2585 652 2638 Servavit
689 2586 948 2638 Maximus
987 2583 1139 2636 Cous.
1177 2600 1226 2650 p.
1253 2583 1373 2636 198.
1412 2583 1502 2650 qui
1538 2583 1739 2636 Socrati
1777 2585 1972 2639 tribuit.
2028 2588 2126 2641 So-

271 2675 445 2728 sicrati
484 2675 737 2728 vindicavi
774 2675 913 2727 Hiat.
952 2674 1066 2726 crit.
1109 2691 1160 2741 p.
1197 2673 1322 2724 499.
