2202 3918
771 188 1244 243 SENTENTIAE.

239 336 262 360 ·
302 331 497 381 Graves
533 331 761 384 imitator
798 348 989 395 mores,
1027 347 1094 382 ne
1130 329 1357 381 imitator
1394 335 1571 387 malos.

237 418 259 442 ⁸
300 419 526 470 Pretium
565 420 718 472 docet
753 426 823 483 te,
861 437 963 472 non
1002 417 1327 487 praeceptor,
1365 420 1556 474 literas.

237 507 464 558 Labor-et
499 509 562 571 is,
600 510 801 561 beatam
840 511 927 578 qui
965 511 1120 563 vitam
1162 510 1322 577 eupit.
1518 513 1522 517 ”

234 596 258 622 *
298 597 570 663 Nunquam
606 614 709 649 non
746 598 934 665 fugere
970 601 1164 666 inepta,
1205 605 1259 649 et
1295 598 1398 648 hoe
1436 599 1638 653 virtutis
1677 609 1771 656 est.

94 683 201 735 34⁰
237 685 383 736 Felix
422 685 509 750 qui
546 692 767 737 mentem
804 702 921 737 eum
959 688 1150 738 divitiis
1189 687 1438 753 possidet.

234 774 317 824 Ne
350 772 478 840 fuge
513 774 742 826 sodalem
781 791 939 842 quum
977 776 1238 828 catamitas
1272 776 1484 844 ingruit.

234 861 480 911 Felicitas
519 863 720 925 eximia,
756 864 963 930 sapiens
999 864 1158 915 fitius·

234 949 316 998 Ne
352 949 529 1013 recipe
566 952 759 1001 amieos
796 954 934 1001 inter
969 953 1236 1002 arbitrium
1276 951 1424 1002 duos.

235 1036 260 1061 ⁶
297 1036 378 1085 Ne
414 1052 539 1102 agas
578 1039 772 1089 celeria
809 1039 974 1100 tarde,
1012 1046 1101 1089 aut
1139 1039 1285 1089 tarda
1322 1039 1579 1090 celeriter.

91 1120 198 1172 ³45
234 1126 258 1152 ‘¹
295 1123 556 1175 Malorum
594 1142 661 1177 ne
698 1126 948 1177 miserere
983 1125 1227 1178 fortunae
1263 1127 1448 1179 maiae.

236 1211 352 1263 Irae
387 1215 676 1266 remedium
713 1216 987 1265 maximum
1028 1221 1108 1266 est
1145 1217 1331 1268 oratio.
1368 1237 1374 1242 ·
1428 1233 1430 1236 ’

239 1301 365 1353 Post
401 1318 618 1354 munera
654 1303 757 1354 cito
791 1303 1120 1354 consenescit
1156 1305 1339 1369 gratia.
1444 1300 1450 1310 ‘

235 1390 506 1456 Memento
543 1392 687 1443 dives
717 1390 894 1443 faeere
932 1391 1244 1459 pauperibus
1283 1394 1434 1445 bene.

233 1481 383 1546 Quod
419 1481 731 1554 destinatum
767 1485 927 1543 sorte,
964 1496 1068 1531 non
1108 1479 1279 1546 fugies
1315 1483 1440 1548 pati.

92 1569 198 1621 85⁰
236 1570 429 1620 Beatus
462 1569 555 1620 ine
591 1569 713 1635 quoi
753 1570 934 1619 beatus
969 1569 1207 1634 imperat.
1241 1570 1245 1572 ’

228 1657 372 1709 Maia
407 1657 569 1708 multa
603 1673 781 1709 secum
819 1659 974 1723 ionga
1005 1657 1150 1708 ferre
1187 1662 1328 1710 aetas
1365 1660 1518 1713 solet.

235 1748 407 1812 Quum
443 1753 587 1796 reeta
624 1746 781 1809 fatur,
817 1747 1108 1813 improbum
1146 1749 1233 1798 odi
1273 1749 1510 1800 maxime.

234 1836 258 1863 ‘
296 1834 417 1885 Noli
452 1834 725 1900 inerepare
761 1851 863 1886 neu
903 1851 1118 1886 monere
1155 1836 1447 1889 mulierem.
1478 1884 1482 1886 ,

231 1922 436 1972 Iuvenis
467 1929 731 1973 memento
771 1930 823 1974 te
860 1924 978 1975 fore
1023 1925 1301 1990 aliquando
1337 1943 1535 1979 senem.

91 2010 197 2063 855
234 2016 256 2038 ⁰
295 2011 524 2062 Consilia
555 2013 767 2063 versas?
805 2013 910 2063 noli
950 2014 1227 2067 admittere
1265 2017 1559 2070 mulierem.

233 2099 433 2152 Misero
468 2116 595 2151 eave
628 2100 904 2152 insultare:
943 2104 1074 2154 Fors
1110 2103 1240 2156 hera
1276 2107 1506 2158 omnium
1545 2113 1639 2159 est.

232 2188 502 2240 Generosa
538 2190 734 2241 amicus
769 2199 963 2255 mente,
1000 2194 1172 2246 felicis
1208 2196 1419 2247 bonum.

240 2278 511 2329 Diteaeere
547 2294 851 2345 properans,
887 2283 1039 2350 inops
1075 2284 1174 2334 fies
1211 2282 1332 2335 cito.

228 2363 252 2389 ‘
290 2366 479 2418 Doceri
514 2368 559 2419 si
597 2368 861 2433 didiceris,
899 2377 981 2423 est
1018 2388 1261 2439 magnum
1300 2372 1520 2424 lucrum.

89 2455 194 2506 8⁶⁰
229 2454 337 2507 lte·
371 2471 572 2523 pauper
607 2463 688 2508 est
723 2458 920 2523 odiosa,
957 2460 1155 2512 donans
1194 2461 1356 2512 diviti.

234 2545 260 2573 ⁸
299 2544 443 2595 Utile
479 2547 857 2599 communicato
895 2550 1103 2600 mulieri
1140 2550 1289 2601 nihii.

227 2634 254 2662 '
290 2632 413 2684 Eris
447 2633 774 2698 immortalis,
811 2638 854 2687 si
893 2654 995 2689 non
1035 2639 1182 2689 ducis
1219 2639 1510 2692 mulierem.

230 2724 254 2750 ⁶
293 2720 514 2772 anisae
551 2723 727 2786 ditem,
763 2726 987 2778 servitus
1024 2743 1209 2793 magna
1246 2734 1326 2779 est
1360 2730 1492 2801 *virm

235 2809 259 2836 ⁶
297 2809 418 2860 Noli
456 2816 711 2878 perpetuo
750 2800 958 2864 vertere
995 2816 1178 2866 oculos
1215 2817 1280 2867 ad
1317 2818 1536 2869 lucrum.

95 2893 201 2946 8⁶5
231 2898 260 2926 ⁶
299 2896 619 2952 Pecuniosns
658 2902 897 2965 verbero,
937 2904 1128 2955 malum
1169 2905 1464 2957 maximum.

234 2984 316 3036 Ne
350 2986 419 3037 ait
454 2987 582 3038 mihi
619 2988 759 3054 quod
796 2991 969 3058 cupio,
1007 2993 1100 3043 sed
1139 2994 1278 3059 quod
1317 2995 1542 3061 expedit.

235 3074 260 3099 ⁶
299 3071 427 3125 Cum
463 3075 613 3127 iustis
647 3093 858 3145 semper
894 3097 1105 3132 versare
1142 3083 1195 3132 in
1234 3082 1418 3134 eodem
1458 3084 1591 3134 loeo.

240 3160 327 3211 Ml
365 3176 467 3214 non
503 3164 565 3215 m
598 3170 689 3216 aut
725 3165 1038 3221 diiudicatur
1075 3171 1295 3237 legibus.
1534 3175 1536 3178 ’

237 3249 524 3303 Commune
557 3254 719 3305 cuivis
756 3257 932 3321 erede,
968 3258 1109 3325 quod
1146 3260 1386 3326 cuiqnam
1424 3260 1625 3313 accidit.

94 3335 201 3388 27⁰
241 3335 385 3388 Bene
419 3337 647 3393 indieare
684 3343 850 3396 maius
886 3352 966 3397 est
1007 3347 1232 3399 silentio.

237 3425 363 3480 Sine
400 3426 525 3482 dote
561 3436 722 3500 nupta
758 3433 838 3486 iu·
875 3433 1121 3503 loquendi
1157 3452 1260 3491 non
1298 3436 1474 3492 habet.

1835 202 1942 252 8⁰⁹
