2202 3918
286 222 392 278 886
1021 218 1437 274 SOSIPATER.

293 367 498 436 quando
538 363 848 426 exoriantur,
887 377 988 430 quo
1028 362 1119 413 Sol
1155 379 1357 416 summo
1394 368 1664 432 tempore

278 457 575 526 „productos
616 453 771 504 faciat
808 457 965 518 atque
1004 456 1299 504 contractos
1338 453 1473 516 dies,

293 545 480 611 quibus
518 540 753 609 signiferi
788 557 904 593 sese
942 545 1117 591 teneat
1155 542 1401 607 partibus.

293 648 532 698 namque,
570 636 628 681 ut
665 631 930 693 docemur,
968 630 1139 695 pisces
1179 635 1233 681 et
1272 629 1516 696 quicquid
1554 631 1654 683 cibi
1694 637 1790 695 est,

295 727 450 789 prout
487 719 714 771 universi
753 720 917 770 moles
956 718 1391 780 circumvolvitur,

298 812 423 860 alias
459 813 614 874 atque
652 809 777 857 alias
814 807 867 857 in
906 823 965 858 se
1006 806 1210 857 delitias
1247 806 1460 857 habent.

298 901 427 950 haec
465 898 628 963 siquis
669 896 827 959 norit,
866 899 925 946 ut
961 895 1155 946 videbit
1191 900 1445 961 tempora,

297 989 368 1039 ita
406 987 509 1037 illis
545 989 691 1035 recte
730 989 906 1035 utetur
943 1000 1005 1035 ex
1042 999 1140 1035 usu
1179 998 1308 1034 suo:

299 1081 352 1127 at
388 1076 477 1141 qui
512 1075 610 1124 ista
647 1073 816 1124 nescit
851 1074 924 1123 nil
962 1073 1062 1124 nisi
1100 1088 1262 1139 nugas
1301 1074 1422 1139 agit.

303 1169 356 1214 at
390 1164 532 1213 forte
569 1162 787 1211 scientia
825 1160 1176 1210 architectalis
1217 1161 1378 1226 magis

302 1252 400 1303 arti
438 1249 559 1317 quid
597 1253 806 1299 nostrae
845 1247 1098 1310 conferat,
1137 1248 1428 1298 miraberis,

300 1343 363 1392 Β.
403 1337 660 1405 Equidem
698 1337 939 1387 mirabar.
1013 1338 1075 1388 A.
1116 1335 1175 1386 Id
1213 1352 1350 1387 nunc
1386 1338 1600 1405 aperibo
1638 1339 1751 1392 tibi.

305 1430 529 1481 culinam
567 1430 710 1476 recte
748 1426 1087 1487 constituere,
1123 1425 1328 1476 luminis

207 1587 225 1591 ἢ
304 1522 550 1585 quantum
591 1530 722 1581 opus
760 1519 840 1566 est
876 1531 1083 1580 capere,
1121 1515 1263 1565 venti
1301 1516 1438 1567 unde
1475 1516 1660 1569 afflent
1697 1534 1935 1581 cernere,

304 1605 728 1674 percenducibile
766 1610 999 1654 nostrum
1040 1608 1120 1654 est
1158 1603 1222 1653 ad
1257 1607 1541 1671 negotium.

306 1702 365 1746 ut
401 1697 502 1745 huc
540 1698 628 1743 aut
666 1693 790 1742 illuc
828 1692 1024 1754 volitat,
1063 1692 1412 1745 differentiam

308 1783 498 1834 afferre
535 1781 710 1831 fumus
748 1781 942 1830 assolet
978 1781 1339 1845 coquentibus.

306 1873 366 1921 B.
406 1870 542 1936 Quid
582 1884 725 1934 ergo,
764 1873 817 1918 te
853 1883 1057 1933 precor,
1095 1872 1260 1918 artem
1296 1869 1739 1935 induperator-iam

310 1974 439 2025 opus
478 1963 556 2007 est
595 1971 817 2020 coquum
855 1955 1087 2004 callere?
1159 1956 1221 2005 A.
1260 1955 1465 2021 Nempe
1502 1958 1631 2008 ordo
1670 1957 1888 2009 ubilibet

312 2052 365 2096 et
396 2047 450 2096 in
488 2049 601 2095 arte
637 2043 817 2109 quavis
853 2044 1008 2110 plena
1045 2057 1131 2092 res
1168 2042 1454 2109 sapientiae
1492 2050 1594 2098 est:
1682 2029 1687 2040 ¹

316 2141 368 2186 at
407 2135 461 2184 in
499 2137 611 2184 arte
649 2136 824 2182 nostra
860 2133 903 2181 is
942 2134 1069 2184 ordo
1109 2134 1251 2186 ducit
1287 2135 1543 2185 ordinem.

312 2222 523 2274 adferre
560 2221 744 2271 missus
784 2226 936 2287 atque
974 2221 1182 2273 auferre
1220 2224 1412 2285 denuo,

315 2318 369 2364 et
402 2313 454 2360 in
490 2310 569 2360 his
610 2313 846 2374 spectare
883 2325 1063 2360 verum
1098 2311 1368 2362 articulum
1407 2313 1674 2379 temporie,

315 2399 518 2468 quando
558 2397 764 2447 ferendi
802 2398 971 2461 citius,
1009 2400 1215 2464 quando
1255 2401 1461 2462 lentius,

318 2490 489 2558 qualis
532 2502 734 2553 quaque
771 2486 900 2536 hora
937 2487 1004 2536 sit
1042 2489 1365 2538 convivarum
1403 2487 1543 2553 gula,

316 2594 446 2645 quos
483 2577 651 2642 pisces
690 2579 891 2638 tempus
929 2573 1102 2624 iubeat
1136 2575 1266 2626 ferri
1303 2575 1553 2636 fervidoS‚

320 2675 372 2718 et
411 2681 540 2731 quos
579 2663 840 2723 remisSOS‚
880 2677 1010 2727 quos
1047 2664 1173 2714 item
1212 2663 1567 2723 medioximo&

317 2771 446 2821 quos
483 2751 787 2819 frigefactus
826 2752 1048 2817 penitus,
1085 2753 1326 2803 nimirum
1365 2752 1534 2802 omnia

320 2846 451 2894 haec
490 2842 829 2892 continenturv
857 2846 968 2890 arte
1004 2841 1412 2907 induperatoris.

320 2935 381 2983 B.
422 2933 557 2997 Quid
592 2945 716 2996 ergo
756 2934 1011 2994 superest,
1050 2931 1162 2994 nisi,
1203 2947 1320 2981 cum
1360 2946 1442 2980 mc
1480 2930 1579 2979 iam
1618 2929 1859 2981 docueris

325 3021 565 3087 quicquid
605 3034 819 3070 necesse
859 3023 954 3080 est,
993 3020 1133 3071 vivas
1166 3020 1282 3087 ipse
1319 3019 1371 3069 in
1409 3019 1559 3069 otio?
