2202 3918
196 180 304 232 424
992 175 1263 247 mrum}

1065 318 1259 373 XXIV.

456 421 643 477 Πενία
682 423 740 475 δὲ
777 422 1168 492 συγκραθεῖσα
1207 420 1470 490 δυσσεβεῖ
1498 418 1684 497 τρόπῳ

450 526 629 602 ἄρδην
666 524 844 580 ἆνεῖλε
880 528 975 580 καὶ
1009 527 1385 599 κατέστρεψεν
1422 523 1565 595 βίον.

346 639 601 692 Stobaeus
638 637 784 690 Flor.
823 635 994 690 XCVI
1031 639 1065 687 9
1114 653 1231 689 cum
1282 628 1524 700 lemmate
1560 632 1813 704 Διφίλου.
1895 641 1986 695 Vs.
2025 643 2054 692 1

206 742 303 796 pro
352 722 740 794 συγκραθεῖσα
787 725 904 777 cod.
954 727 1000 777 A
1049 731 1103 776 et
1140 726 1319 778 Trinc.
1367 721 1771 792 δυσκραθεῖσα.
1859 730 2058 781 Versus

205 815 284 867 ini
320 832 437 868 cum
475 816 730 883 tragicum
767 815 999 866 colorem
1036 814 1282 886 habeant!
1325 814 1595 880 probabile
1632 819 1711 866 est
1734 816 1930 883 Diphili
1966 834 2062 868 no-

203 918 322 955 men
359 903 425 955 ad
462 904 734 969 sequentia
772 903 947 970 potius
984 900 1320 955 referendum
1361 918 1508 967 esse,
1564 903 1749 970 quibus
1786 906 2061 974 Sophoclis

205 1007 398 1045 nomeu
436 991 755 1059 adscriptum
791 987 898 1043 est:

458 1075 643 1130 Πενία
680 1076 739 1130 δὲ
775 1081 890 1140 τοῖς
928 1073 1146 1147 ἔχουσιν
1182 1071 1246 1130 οὗ
1287 1074 1490 1145 σμικρὰ
1526 1072 1706 1141 νόσος.

457 1162 671 1228 Πενίας
707 1163 810 1236 γὰρ
850 1161 1031 1226 οὐδείς
1067 1164 1184 1217 ἐστι
1223 1162 1422 1232 μείζων
1459 1166 1736 1234 πολέμιος.

210 1256 444 1322 Quorum
487 1271 731 1307 versuum
770 1257 904 1307 alter
942 1255 1217 1306 manifesto
1256 1257 1441 1308 comici
1476 1263 1663 1324 poetae
1703 1260 1798 1309 est.
1869 1259 1948 1310 Ea
1999 1258 2065 1310 de
2175 1255 2191 1301 ἶ·

207 1357 268 1394 re
306 1341 575 1396 admonuit
610 1345 710 1396 iam
750 1345 1082 1406 Hermannus
1121 1344 1188 1395 ad
1227 1345 1408 1421 Eurip.
1445 1346 1694 1399 Androm.
1733 1346 1854 1398 483.
2180 1330 2198 1350 ⁷‘

448 1572 802 1647 ”Ἀνθρωπός
838 1570 965 1646 εἶμι,
1005 1575 1167 1628 τοῦτο
1206 1572 1271 1627 δ’
1311 1573 1450 1629 αὐτὸ
1487 1574 1563 1650 τῷ
1599 1575 1704 1649 βίῳ
1756 1614 1758 1616 -

460 1679 749 1755 πρόφασιν
782 1680 1051 1753 μεγίστην
1088 1676 1164 1746 εἷς
1201 1679 1264 1735 τὸ
1301 1682 1608 1736 λυπεῖσθαι
1647 1684 1815 1754 φέρει.

349 1791 1010 1845 StobaeusFior.XCV111
1049 1794 1098 1842 6.
1174 1791 1263 1845 Vs·
1285 1793 1314 1842 l
1355 1793 1511 1860 vulgo
1549 1785 1715 1860 αὐτῷ,
1752 1791 1892 1858 quod
1928 1782 2067 1840 αὐτὸ

207 1878 538 1932 scribendum
582 1897 711 1933 esse
759 1882 862 1933 iam
914 1882 1041 1933 olim
1088 1881 1280 1933 monui.
1369 1882 1691 1969 Confirmant
1739 1895 1877 1933 nunc
1914 1879 2067 1934 Voss.
2185 1833 2202 1931 1

211 1973 266 2020 et
301 1967 363 2020 Β.

1039 2039 1234 2093 XXVI.

448 2134 679 2215 ς’.Ωσπερ
715 2140 1053 2210 κυαθὶζουσ’
1096 2141 1286 2197 ἐνίοθ’
1321 2140 1461 2214 ἡμῖν
1491 2139 1525 2209 ἡ
1565 2139 1699 2212 τύχη

460 2243 521 2302 ἓν
557 2245 791 2319 ἀγαθὸν
827 2249 1096 2319 ἐπιχὲασα
1132 2246 1242 2321 τρί’
1282 2249 1544 2304 ἐπαντλεῖ
1570 2245 1731 2304 κακά.

353 2357 613 2410 Stobaeus
653 2360 796 2410 Flor.
836 2359 956 2412 clv
995 2359 1079 2410 16.
1162 2351 1498 2426 νε.<1“ἦμῖν
1532 2351 1720 2408 ε’νίοθ’
1760 2358 1875 2411 cod.
1916 2357 2067 2412 Voss.
2174 2391 2180 2399 ι

211 2448 265 2496 et
283 2439 465 2497 Trincss
499 2446 639 2512 quod
675 2453 828 2498 erunt
872 2447 1096 2499 fortasse
1133 2449 1221 2513 qui
1258 2448 1573 2514 praeferant,
1610 2441 1743 2513 ἡμῖν
1779 2453 1975 2499 mutato
2013 2449 2067 2500 in
2175 2453 2199 2515 ’ᾗ

205 2520 361 2600 ἧμιν.
435 2535 571 2588 Vide
608 2535 672 2585 ad
712 2536 998 2603 Phrynichi
1035 2536 1221 2603 fragm.
1260 2552 1310 2602 p.
1341 2536 1471 2589 ⁴595.
1543 2536 1633 2589 Vs.
1673 2537 1708 2587 2
1757 2537 1930 2587 malim
1980 2534 2067 2601 ἐγ-
2175 2562 2186 2595 1

205 2620 402 2689 χέασα.
472 2623 705 2690 Respicit
742 2631 915 2676 autem
955 2632 1108 2691 poeta
1145 2626 1292 2677 illum
1332 2626 1438 2676 vini
1474 2624 1797 2692 temperandi
1835 2625 2067 2688 modum,
2172 2616 2186 2672 ἒ

212 2726 317 2777 quo
354 2712 444 2763 uni
481 2711 668 2779 cyatho
707 2712 811 2763 vini
849 2718 957 2764 tres
1012 2714 1187 2780 cyathi
1224 2730 1389 2781 aquae
1440 2714 1858 2767 affundebantur.
1933 2714 2067 2767 Vide

209 2799 540 2852 Athenaeum
577 2800 625 2851 X
663 2817 715 2867 p.
750 2801 856 2852 426
877 2817 921 2853 c.
961 2817 1039 2869 sq.
1082 2816 1086 2819 ’

951 2929 1147 2982 XXVI!
1186 2946 1231 2980 a.
1270 2931 1321 2982 b.

461 3031 707 3100 Βὲβαιον
744 3029 907 3086 οὐδέν
942 3032 1093 3086 ἐστιν
1128 3031 1187 3084 ἐν
1223 3033 1421 3107 θνητῷ
1458 3032 1580 3107 βίῳ.

460 3137 596 3190 Bao?
627 3138 731 3210 γὰρ
768 3136 950 3203 οὐδεὶς
988 3135 1055 3192 ὃν
1092 3142 1436 3210 προαιρεῖται
1470 3137 1693 3212 τρόπον.

354 3246 612 3324 Stobaeus
658 3250 803 3300 Flor.
843 3250 933 3303 GV
983 3250 1072 3301 47.
1168 3250 1227 3300 ln
1282 3250 1386 3302 duo
1439 3250 1730 3318 fragmenta
1784 3247 2063 3315 dispescui.

211 3337 505 3402 Utrumque
555 3352 762 3388 versum
817 3339 981 3390 habes
1038 3339 1092 3389 in
1149 3340 1424 3391 Menandri
1480 3344 1700 3391 monost.
1753 3337 1823 3388 57
1872 3344 1926 3388 et
1975 3338 2062 3390 65.

211 3424 299 3478 Vs.
342 3425 370 3475 1
425 3441 493 3477 ne
530 3426 645 3492 quis
693 3422 926 3488 θνητῶν
974 3426 1206 3480 scribere
1258 3429 1431 3493 malit,
1479 3429 1633 3482 etiam
1668 3426 1887 3495 Amphis
1935 3426 2065 3479 dixit
