2202 3918
266 201 369 251 48⁰
994 193 1376 248 llsscsssn’l’l

514 336 740 403 ἐγένετο,
776 336 870 387 καὶ
908 332 1006 386 νῦν
1043 328 1212 386 ταύτὸ
1251 331 1409 387 τοῦτ’
1455 331 1586 403 ὄψει
1622 332 1827 388 πάλιν·

514 438 623 495 ὑπὸ
665 441 761 506 τῆς
797 438 900 509 γὰρ
937 435 1113 508 ὀσμῆς
1153 435 1279 491 οὐδὲ
1317 433 1394 503 εἷς
1431 438 1729 506 δυνήσεται

515 545 700 610 ἁπλῶς
739 546 986 599 διελθεῖν
1021 544 1120 598 τὸν
1158 542 1439 598 στενωπὸν
1475 546 1694 599 τουτονί
1714 567 1727 581 ·

516 651 546 706 ὁ
586 653 642 705 δὲ
676 650 890 724 παριών
926 650 1034 715 πᾶς
1069 647 1282 714 εὐθέως
1318 650 1454 722 πρὸς
1490 649 1592 717 τὴν
1629 647 1820 722 θίραν

403 763 476 815 25
514 754 757 825 ἑστήξετ’
798 754 1025 828 ἀχανής,
1063 757 1738 829 προσπεπατταλευμένος,

511 863 751 936 ἄφωνος,
788 861 916 935 ἄχρι
952 860 1023 916 ἂν
1059 862 1168 917 τῶν
1203 861 1385 937 φίλων
1421 862 1762 949 βεβυσμένος

512 966 617 1039 τὴν
653 968 765 1043 ῥῖν’
808 967 986 1044 ἕτερός
1022 990 1105 1035 τις
1143 970 1520 1042 προσδραμών
1556 965 1882 1044 ἀποσπάσῃ.

516 1080 590 1134 A.
626 1079 797 1148 μέγας
834 1068 887 1130 εἶ
919 1076 1179 1149 τεχνίτης.
1240 1080 1311 1134 Β.
1352 1076 1566 1148 ἀγνοεῖς
1603 1075 1738 1148 πρὸς
1772 1072 1839 1129 ὃν
1874 1073 2082 1138 λαλεῖς·

514 1182 753 1247 πολλοὺς
790 1182 889 1252 ἐγώ
933 1181 1140 1255 σφόδρ’
1183 1174 1314 1237 οἶδα
1351 1184 1459 1236 τῶν
1495 1183 1852 1253 καθημένων,

403 1295 475 1346 30
515 1286 576 1343 οἳ
606 1285 1070 1362 καταβεβρώκασ’
1112 1287 1252 1344 ἕνεκ’
1291 1289 1428 1361 ἐμοῦ
1463 1287 1561 1353 τὰς
1598 1286 1811 1352 οὐσίας.

403 1399 707 1453 Athenaeus
742 1401 843 1454 ν11
882 1417 932 1467 p.
971 1401 1164 1452 zoob:
1221 1394 1549 1463 ἀλαζονικὸν
1604 1392 1658 1448 δ’
1711 1395 1831 1449 ἐστὶ
1885 1393 1997 1448 πᾶν
2051 1390 2115 1446 τὸ

257 1484 368 1538 τῶν
403 1483 681 1556 μαγείρων
718 1485 915 1555 φῦλον,
953 1481 1026 1547 ὠς
1061 1487 1152 1538 καὶ
1185 1482 1538 1555 Ἡγήσιππος
1574 1484 1632 1537 έν
1665 1480 1967 1555 Ἀδελφοῖς
2003 1502 2113 1535 πα-

258 1573 496 1645 ρίστησι.
536 1571 770 1644 παράγει
809 1574 867 1627 δὲ
902 1571 1165 1644 μάγειρον
1201 1574 1432 1642 λέγοντα
1456 1569 1700 1642 ΖῑΙάγειρε
1737 1572 1959 1633 πολλοῖς
1995 1571 2109 1624 κτλ.

257 1666 438 1716 Priora
495 1666 685 1716 iterum
737 1666 979 1732 apposuit
1035 1665 1227 1717 Athen.
1282 1666 1355 1717 ΙΧ
1406 1683 1459 1732 p.
1506 1664 1696 1715 40511:
1754 1658 1890 1731 πρὸς
1945 1655 2109 1712 ταῦτ’

254 1744 589 1820 Αἰμιλιανὸς
625 1747 733 1820 ἔφη
770 1750 1034 1803 Βέλτιστε
1074 1785 1141 1794 ·-
1179 1749 1322 1815 ἐστι’,
1374 1747 1519 1803 κατὰ
1577 1747 1704 1810 τοὺς
1736 1746 2110 1818 “Ηγησι’ππον

249 1835 597 1907 Ἀδελφούς·
648 1837 719 1891 σὺ
769 1827 869 1891 οὖν
923 1835 956 1904 ἢ
995 1839 1140 1911 δρῶν
1194 1859 1249 1892 τι
1285 1837 1494 1910 ᾳαίνου
1542 1836 1736 1891 καινὸν
1784 1835 1937 1908 παρὰ
1984 1834 2112 1899 τοὺς

255 1925 583 1997 ἔμπροσθεν
621 1921 659 1989 ἢ
693 1924 770 1995 μὴ
809 1923 974 2004 κόπτ’
1013 1927 1123 1996 ἐμέ,
1160 1928 1254 1979 καὶ
1292 1927 1471 1993 δεῖξον
1507 1923 1542 1979 ὃ
1575 1927 1770 1996 φέρεις.
1857 1929 1944 1979 νε.
1985 1929 2019 1979 2
2056 1922 2113 1975 τί

252 2034 350 2084 μοι
383 2019 489 2069 VL.
530 2031 585 2065 τι
622 2014 689 2078 λη
728 2018 835 2070 ΑΒ.
876 2034 928 2067 τι
966 2013 1034 2079 δὴ
1074 2017 1617 2085 SchweighaeuseruS.
1656 2045 1724 2056 -
1762 2015 1908 2068 νε.3
1942 2007 2111 2064 κόπτε

251 2123 319 2173 με
356 2107 468 2160 VL.
526 2099 690 2155 κόπτε
741 2103 833 2173 ἐμὲ
870 2107 977 2159 AP.
1031 2098 1197 2156 κόπτ’
1238 2103 1330 2172 ἐμὲ
1369 2105 1661 2172 Schweigh.
1699 2108 1752 2155 et
1790 2104 2107 2160 DindorfiuS.
2179 2120 2181 2123 ’

248 2197 328 2247 De
365 2195 523 2246 verbo
561 2188 783 2244 κόπτειν
820 2195 1126 2258 obtundere,
1165 2213 1386 2247 enecare
1400 2213 1470 2259 gv,
1511 2195 1577 2246 ad
1615 2194 1866 2261 Sosipatri
1906 2190 2107 2242 Κατα-

249 2279 411 2349 ψευδ.
450 2300 524 2334 νε.
563 2285 651 2334 20.
720 2311 783 2320 —
847 2285 935 2335 νε.
975 2285 1010 2334 4
1047 2276 1189 2350 Σύρε
1228 2301 1323 2350 pro
1362 2271 1479 2352 εὗρε
1519 2283 1719 2334 Petitus
1755 2283 1908 2334 Mise-
1947 2281 2018 2335 νΙ
2055 2281 2106 2334 4.

247 2403 318 2413 --
369 2371 458 2427 Vs.
494 2371 528 2434 5
575 2372 628 2422 in
667 2371 812 2421 libris
849 2371 920 2421 ita
957 2372 1180 2437 scriptus
1217 2373 1410 2439 legitur
1444 2361 1656 2438 εὕρημα
1690 2364 1866 2436 μόνον
1902 2360 2106 2418 εἰδέναι

247 2455 358 2508 τῶν
394 2455 763 2525 νομιζομένων
799 2455 908 2525 ε’μέ.
987 2459 1323 2510 Casaubonu·
1361 2453 1645 2527 εὑρηκέναι
1680 2453 1748 2506 τὰ
1786 2454 1886 2506 νῦν
1922 2450 2104 2524 νόμιζε
2201 2510 2202 2521 ἢ

245 2540 422 2614 μόνον
458 2543 569 2614 ε’μέ.
655 2547 1027 2601 Valckenarius
1065 2550 1256 2600 Annot.
1297 2549 1361 2598 ad
1399 2550 1465 2600 N.
1506 2549 1574 2599 T.
1609 2565 1658 2614 p.
1697 2545 1826 2596 3312
1875 2539 2100 2612 εὑρημέ-

243 2649 342 2684 νον
390 2629 565 2702 μόνον
619 2628 823 2685 εἰδέναι
873 2629 1058 2701 νόμιζ’
1096 2632 1205 2700 ἐμέ.
1298 2636 1567 2687 Dobraeus
1617 2634 1747 2686 Adv.
1789 2633 1836 2684 11
1874 2651 1925 2699 p.
1965 2635 2099 2685 314:

242 2720 524 2791 εὑρηκέναι
563 2716 797 2789 νόμισόν
834 2712 1050 2789 με’τῶν
1086 2717 1308 2787 (ὄντων,
1347 2725 1430 2775 vel
1469 2716 1608 2783 νυνί,
1647 2724 1729 2773 vel
1751 2715 1978 2783 ζώντων,
2017 2723 2100 2773 vel

244 2807 494 2873 πάντων)
531 2806 722 2878 μόνον.
798 2812 954 2878 Elegi
1007 2829 1071 2863 ex
1116 2813 1197 2864 his
1236 2829 1369 2879 quae
1407 2811 1819 2863 commodissima
1856 2811 2100 2862 videban—
2158 2836 2185 2890 μέ

243 2907 343 2950 tur.
395 2932 461 2941 —
502 2901 594 2953 νε.
635 2902 668 2951 6
705 2897 867 2950 δυσὶν
904 2916 998 2967 pro
1041 2897 1190 2949 δυεῖν
1226 2900 1510 2952 PorsonuS.
1560 2932 1626 2940 —
1664 2899 1753 2950 νε.
1791 2900 1826 2948 8
1862 2893 2100 2961 ἐξήτακα

238 2989 345 3040 AG.
407 2981 648 3050 ἐξήτασα
688 2990 796 3042 VL.
855 2982 1089 3052 έξὴτηκα
1128 2989 1233 3039 ΒΡ.
1309 3019 1377 3026 -—-
1449 2989 1538 3041 νε.
1578 2990 1610 3038 9
1649 2979 1998 3054 βεμβράδων.
2055 2988 2098 3038 C

238 3070 613 3143 μεμβράδων,
650 3083 707 3128 ut
754 3094 830 3129 vs.
872 3079 938 3128 17
993 3069 1341 3143 μεμβράδας.
1380 3070 1390 3075 ’
1419 3077 1618 3127 Ibidem
1673 3071 1907 3141 τρόπους
1943 3075 2095 3128 ABG.

237 3157 440 3230 τρόπος
461 3163 613 3216 PVL.
653 3196 721 3206 —
762 3165 851 3218 νε.
875 3166 1085 3215 11--13
1123 3165 1308 3231 partim
1347 3164 1503 3214 affert
1539 3164 1843 3215 Eustathius
1880 3180 1930 3229 p.
1956 3163 2094 3213 1604

236 3254 325 3303 27.
363 3283 431 3293 -—-
473 3251 560 3302 νε.
603 3252 669 3301 13
705 3248 775 3300 τά
804 3245 994 3318 βάπτ’
1036 3247 1263 3319 ἔχοντες,
1299 3250 1526 3302 colorati
1562 3251 1616 3302 h.
1656 3267 1701 3302 e.
1741 3251 1926 3301 atrati.
1978 3249 2092 3312 „lta
2172 3246 2174 3271 ³

236 3340 424 3390 Graeci
463 3343 516 3390 et
549 3339 720 3390 Latini
757 3342 1008 3392 ambitum
1049 3357 1224 3392 earum
1276 3339 1558 3390 dictionum
1613 3336 2090 3389 circumscribunt.”

237 3426 596 3479 casaubonus.
671 3427 915 3481 Afferunt
953 3429 1286 3480 Kirchmann.
1327 3427 1394 3478 de
1432 3428 1475 3480 F
1482 3444 1626 3480 uner.
1651 3428 1800 3478 Rom.
1826 3425 1874 3476 11
1914 3426 2087 3475 17.-
2166 3438 2169 3471 5
