2202 3918
227 188 334 253 416
552 230 562 237 =
1015 197 1286 252 DlPHlLI

476 333 618 409 κατά
658 334 761 401 τὴν
797 332 931 388 ὁδὸν
968 334 1168 389 πωλεῖν
1204 338 1518 408 περιπατῶν
1555 336 1833 411 βούλομαι

477 437 635 515 ῥόδα,
673 440 1006 514 ῥαφανῖδας,
1043 439 1483 513 θερμοκυάμους,
1521 449 1828 521 στέμφυλα,

478 546 664 610 ἁπλῶς
703 540 931 599 ἅπαντα
972 547 1190 616 μᾶλλον
1228 542 1264 614 ἢ
1300 545 1507 614 ταύτας
1545 554 1782 624 τρέφειν.

366 681 666 733 Athenaeus
706 678 755 730 11
801 695 851 745 p.
889 676 959 728 55
980 678 1039 729 d:
1087 672 1316 749 Δίφιλος
1373 675 1484 732 Οὔκ
1532 676 1683 732 ἔστιν
1730 715 1798 726 -
1844 682 2079 754 τρέφειν.

222 767 315 821 καὶ
355 765 663 835 σημείωσαι
709 761 772 815 τὸ
812 760 1264 834 θερμοκυάμους,
1312 766 1429 820 ἐπεὶ
1478 769 1574 820 καὶ
1620 767 1721 821 νῦν
1758 761 1900 822 οὕτω
1936 770 2080 839 λέγε-

223 875 334 908 ται.
407 857 550 909 Vs.2
587 856 745 907 verba
781 850 880 904 τοῦ
919 853 1304 922 πορνοβοσκοῦ
1339 858 1560 912 delenda
1586 861 1826 913 videntur
1847 862 2080 915 Iacobsio

222 947 398 1000 Addit.
438 962 490 1013 p.
526 944 597 996 44
635 950 818 1012 utpote
857 944 920 995 ab
959 946 1302 1011 epitomatore
1338 946 1600 1014 loquentis
1638 966 1907 1016 personam
1945 951 2080 1002 indi·

221 1042 402 1087 caturo
458 1032 649 1085 addita.
722 1034 840 1085 Non
888 1034 1052 1100 probo
1104 1033 1260 1097 haec3
1306 1051 1366 1085 ac
1415 1035 1639 1088 fortasse
1684 1037 2080 1106 πορνοβοσκεῖν

221 1121 570 1184 scribendum,
611 1138 920 1189 quamquam
961 1123 1116 1173 etiam
1156 1124 1419 1190 vulgatum
1457 1123 1587 1174 ferri
1624 1131 1815 1191 potest.
1844 1159 1912 1170 —-
1936 1128 2080 1186 Vs.4

219 1218 342 1262 ante
380 1210 704 1261 Dindorflum
742 1204 1078 1278 ῥαφανίδας.
1135 1240 1201 1250 —
1263 1211 1354 1265 Vs.
1390 1210 1426 1264 5
1461 1211 1579 1263 libri
1617 1206 1796 1275 ἄλλως
1835 1205 2078 1267 ἅπαντα.

220 1299 463 1351 Correxit
499 1298 779 1350 Iacobsius.

1109 1411 1205 1463 ΙΙΙ.

288 1511 598 1587 Προιτίδας
635 1511 868 1584 ἁγνίζων
903 1509 1104 1586 κούρας
1139 1515 1234 1567 καὶ
1271 1512 1370 1567 τὸν
1404 1513 1604 1588 πατέρ’
1645 1513 1846 1584 αὐτῶν,

289 1623 538 1695 Προῖτον
571 1616 973 1690 Ἀβαντιάδην,
1010 1621 1106 1674 καὶ
1142 1619 1316 1691 γραῦν
1351 1621 1609 1691 πέμπτην
1646 1624 1739 1677 ἐπὶ
1777 1624 1978 1691 τοῖσδε,

285 1729 420 1803 δᾳδὶ
454 1726 562 1801 μιᾷ
598 1725 790 1800 σκίλλῃ
827 1746 882 1780 τε
916 1726 1039 1800 μιᾷ,
1077 1723 1226 1780 πόσα
1263 1722 1500 1797 σώματα
1542 1730 1765 1811 φωτῶν,

287 1835 430 1908 θείῳ
466 1830 518 1886 τ’
558 1830 826 1907 ἀσφάλτῳ
862 1852 920 1885 τε
957 1832 1399 1906 πολυφλοίσβοιο
1437 1831 1739 1902 θαλάσσης

286 1942 343 2008 ἐξ
379 1937 781 2011 ἀκαλαρρείταο
820 1936 1156 2010 βαθυρρόου
1189 1937 1491 1994 Ὠκεανοῖο.

283 2046 424 2102 ἀλλὰ
459 2042 649 2118 μάκαρ
679 2042 829 2118 Ἀήρ
865 2044 960 2098 διὰ
998 2046 1107 2099 τῶν
1138 2045 1352 2121 ’νεφέων
1388 2039 1714 2116 διάπεμψον

280 2149 634 2224 Ἀντικύραν,
669 2147 766 2205 ἵνα
806 2148 964 2206 τόνδε
1003 2149 1158 2225 κόριν
1192 2152 1419 2227 κηφῆνα
1455 2148 1690 2218 ποιήσω.

354 2286 600 2337 Clemens
642 2285 790 2337 Alex.
828 2285 1140 2339 Strom.Vll
1174 2303 1223 2352 p.
1249 2285 1354 2336 303
1392 2285 1567 2352 Sylb.:
1601 2282 1898 2352 χαριέντως
1933 2284 2069 2355 γοῦν

207 2372 303 2425 καὶ
355 2367 386 2422 ὁ
435 2367 670 2438 κωμικὸς
717 2367 947 2440 Δίφιλος
1003 2371 1258 2441 κωμῳδεῖ
1305 2367 1430 2432 τούς
1483 2366 1687 2438 γόητας
1745 2370 1840 2424 διὰ
1897 2375 2065 2427 τῶνδε

208 2456 519 2532 Προιτίδας
557 2454 789 2526 ἁγνίζων
825 2456 956 2510 κτλ.
1012 2461 1102 2513 Vs.
1126 2462 1150 2510 l
1196 2455 1504 2529 Προιτίδας
1540 2455 1786 2526 ἁγνίζων.
1827 2466 2064 2518 Dubitari

204 2556 380 2619 potest
417 2555 589 2600 utrum
639 2550 963 2617 Melampum
1001 2549 1136 2599 «licat
1173 2566 1236 2600 an
1275 2550 1656 2616 Aesculapium,
1696 2568 1848 2617 quem
1888 2555 2065 2606 Proeti

203 2641 339 2689 filias
392 2639 641 2689 lustrasse
689 2643 871 2689 auctor
909 2644 990 2688 est
1029 2638 1352 2704 Polyarchus
1394 2637 1692 2702 Cyrenaeus
1729 2641 1866 2705 apud
1902 2643 2063 2695 schol.

202 2727 466 2793 Euripidis
505 2726 616 2778 Alc.
655 2724 677 2776 1
729 2731 783 2776 et
829 2725 1044 2777 Sextum
1093 2727 1246 2792 Emp.
1298 2740 1343 2776 c.
1395 2725 1624 2776 Gramm.
1664 2727 1685 2777 1
1736 2728 1803 2777 12
1851 2746 1900 2794 p.
1938 2730 2060 2782 271.

202 2817 447 2881 Plerique
499 2821 671 2866 tamen
720 2830 834 2865 rem
883 2815 948 2865 ad
986 2815 1306 2881 Melampum
1353 2812 1606 2864 referunt.
1695 2813 1758 2865 V.
1797 2815 2059 2882 Heynium

200 2905 267 2954 ad
304 2903 543 2970 Apollod.
585 2903 634 2953 ll
673 2905 706 2954 2
753 2905 788 2953 2
840 2908 892 2953 et
951 2902 1268 2953 Lobeckium
1317 2903 1574 2969 Aglaoph.
1613 2920 1662 2968 p.
1702 2904 1824 2953 299.
1908 2904 2060 2955 Adde

201 2986 387 3044 Alexin
426 2991 566 3042 Crat.
608 2992 656 3042 11
695 2992 729 3041 4
782 2998 835 3042 et
885 2996 1091 3057 poetam
1141 2990 1394 3041 incertum
1444 2991 1496 3041 in
1535 2991 1798 3043 Analectis
1833 2992 2058 3045 Brunck.

201 3080 277 3130 111
317 3097 366 3146 p.
403 3080 526 3130 191.
566 3111 635 3120 —-
677 3081 762 3132 Vs.
803 3080 838 3128 3
875 3075 1010 3147 δᾳδὶ
1045 3074 1153 3147 μιᾷ
1191 3073 1382 3147 σκίλλῃ
1421 3093 1494 3129 τε.
1543 3079 1740 3130 Eadem
1777 3079 1830 3130 in
1867 3081 2057 3131 lustra-

200 3167 429 3218 tionibus
478 3167 668 3233 passim
707 3168 1106 3234 coniunguntur.
1183 3166 1438 3218 Lucianus
1487 3169 1736 3234 Necyom.
1778 3168 1798 3216 l
1835 3183 1886 3232 p.
1926 3167 2057 3219 466:

200 3249 443 3322 ἐκάθηρὲ
481 3252 538 3303 τέ
566 3271 633 3320 με
670 3253 766 3304 καὶ
804 3249 1048 3321 ἀπέμαξε
1080 3253 1175 3305 καὶ
1213 3250 1523 3324 περιήγνισε
1555 3251 1687 3303 δαδὶ
1714 3251 1805 3303 καὶ
1844 3249 2054 3324 σκίλλῃ.

200 3343 397 3394 Ibidem
452 3343 664 3394 Grotius
722 3359 817 3409 pro
878 3336 1030 3393 πόσα
1091 3344 1296 3411 scripsit
1344 3337 1504 3395 τόσα.
1590 3344 1836 3394 Fortasse
1890 3349 2054 3394 recte.

198 3431 328 3483 lbid.
369 3446 544 3499 φωτες
596 3431 662 3482 de
711 3432 1005 3482 hominibus
1054 3431 1207 3496 dixit,
1260 3448 1356 3484 usu
1411 3432 1551 3482 haud
1596 3429 1870 3482 admodum
1909 3431 2049 3482 trito.
