2202 3918
213 190 286 243 52
927 188 1373 244 PHILEMONIS

361 328 673 382 Plutarchus
726 329 791 380 de
847 329 928 379 Ira
961 329 1133 380 cohib.
1171 329 1366 396 p.·458
1390 347 1445 390 a:
1493 321 1740 398 δημοσίᾳ
1787 319 2070 391 (Μάγας)

222 411 327 470 ὑπ’
368 411 542 468 αὐτοῦ
578 410 952 481 (Φιλήμονος)
981 413 1347 485 κωμῳδηθεὶς
1391 414 1450 466 ἐν
1500 411 1722 486 θεάτρῳ
1761 410 1933 483 Παρὰ
1969 412 2070 463 τοῦ

221 504 491 574 βασιλέως
526 501 639 555 κτλ.
677 498 867 568 λαβών
902 496 1009 551 ὑπὸ
1041 501 1306 570 χειμῶνος
1343 494 1418 562 εἷς
1455 499 1834 571 Παραιτόνιον
1869 500 2069 569 ἐξενεχ-

220 592 402 647 θέντα
451 583 758 659 στρατιώτῃ
810 589 912 655 μὲν
958 586 1201 641 ἐκέλευσε
1252 587 1431 662 γυμνῇ
1477 587 1545 662 τῇ
1580 585 1830 659 μαχαίρᾳ
1878 588 2068 655 θιγεῖν

220 678 320 734 τοῦ
356 675 631 751 τραχήλου
664 671 868 744 μόνον,
914 664 1033 727 εἶτα
1070 660 1308 747 κοσμίως
1343 674 1632 730 ἀπελθεῖν.
1719 679 1916 728 Eadem
1964 686 2068 729 tra-

223 775 301 825 dit
339 773 403 821 de
442 770 572 822 virt.
611 766 936 832 mor.p.449
959 783 1004 818 e.
1043 769 1139 818 sed
1177 769 1379 819 omissis
1416 769 1519 819 illis
1555 767 1808 827 versibus,
1847 781 2067 830 quorum

220 863 352 911 alter
412 859 485 907 ita
531 855 685 921 vulgo
738 855 940 906 editur:
998 848 1177 918 Moira
1222 850 1594 922 κακόδαιμον,
1640 846 1922 922 γράμματ’
1969 845 2068 902 οὐκ

221 943 538 998 ἐπίστασαι.
630 944 869 994 Correxit
917 943 1169 994 Clericus,
1256 944 1525 994 Accidisse
1572 943 1624 993 id
1673 942 1967 993 Philemoni
2016 942 2070 991 iu

220 1037 408 1085 itinere
447 1032 657 1084 Solensi
711 1031 997 1097 suspicatus
1043 1047 1156 1082 sum
1194 1031 1246 1082 in
1283 1032 1345 1082 iis
1385 1048 1515 1098 quae
1552 1033 1603 1081 in
1643 1032 1805 1097 prima
1841 1030 2067 1080 editione

220 1123 287 1173 de
326 1120 646 1172 Philemonis
683 1120 786 1170 vita
824 1119 1006 1184 scripsi
1043 1136 1094 1186 p.
1114 1118 1301 1183 XLIV,
1339 1122 1474 1172 male
1523 1126 1695 1171 tamen
1733 1119 1923 1168 abusus
1962 1119 2071 1167 Te·-

219 1210 340 1262 letis
378 1209 494 1260 loco
530 1210 581 1273 ⁴¹)
620 1224 682 1260 ex
719 1223 818 1275 quo
858 1207 986 1258 nihil
1025 1207 1091 1258 de
1129 1208 1314 1272 exilio,
1363 1225 1465 1275 quo
1503 1209 1747 1261 multatus
1789 1205 1854 1256 sit
1891 1205 2071 1256 Phile-

219 1313 357 1362 mon,
397 1297 607 1365 legitur.

1065 1366 1133 1418 LI
1173 1385 1220 1419 a.

446 1512 450 1515 .
505 1465 585 1522 Οὐ
612 1466 750 1532 ’τοὺς
784 1464 995 1541 ἀώρους
1031 1459 1158 1539 εἶπά
1195 1489 1302 1536 σοι,
1339 1466 1627 1540 μαστιγία,

499 1571 677 1638 πόδας
715 1573 1034 1647 πρίασθαι;
1071 1574 1140 1629 σὺ
1180 1576 1236 1629 δὲ
1275 1577 1455 1647 φέρεις
1491 1573 1812 1638 ὄπισθίους.

357 1706 734 1759 Grammaticus
773 1706 996 1757 Bekkeri
1034 1706 1230 1758 Anecd.
1270 1723 1321 1774 p.
1359 1697 1845 1782 476114;”Αωροι
1886 1699 2065 1767 πόδες,

218 1794 273 1847 οἱ
313 1789 672 1863 ἒμπρόσθιοι.
729 1792 822 1843 καὶ
867 1787 1137 1861 Φιλήμων
1183 1788 1260 1843 Οὐ
1298 1791 1425 1854 τοὺς
1464 1788 1674 1862 ἀώρους
1710 1792 1821 1845 κτλ.
1895 1794 2068 1844 Habet

219 1887 375 1937 etiam
413 1884 651 1936 Eustath.
691 1883 755 1933 ad
794 1882 893 1934 od.
932 1900 983 1950 p.
1025 1875 1162 1935 1715
1200 1884 1270 1935 23
1316 1888 1368 1936 et
1412 1883 1577 1935 schol.
1604 1884 1802 1950 0dyss.
1840 1883 1940 1933 XII
1978 1883 2066 1933 89.

217 1974 307 2026 ubi
344 1967 583 2041 κομίζειν
619 1972 814 2040 legitur
848 1987 944 2038 pro
982 1967 1286 2039 πρίασθαι.

1062 2076 1128 2129 LI
1168 2077 1218 2129 b.

426 2178 540 2235 ἝκΔ
565 2180 664 2235 ’τοῦ
699 2174 914 2235 παθεῖν
949 2177 1212 2250 γίγνωσκε
1249 2181 1343 2232 καὶ
1381 2178 1444 2233 τὸ
1482 2184 1838 2251 συμπαθεῖν·

428 2288 524 2341 καὶ
558 2289 650 2341 σοὶ
685 2285 790 2360 γὰρ
823 2284 987 2359 ἄλλος
1023 2282 1466 2357 συμπαθήσεται
1501 2285 1727 2344 παθών.

359 2406 617 2458 Maximus
656 2407 810 2459 Conf.
852 2407 1020 2459 LVIII
1058 2422 1110 2472 p.
1147 2406 1217 2456 93
1250 2409 1298 2457 6.
1349 2408 1438 2458 ubi
1479 2408 1767 2459 Philistioni
1805 2409 2062 2460 tribuitur.

221 2494 348 2546 Post
384 2490 646 2561 γίγνωσκε
680 2496 855 2547 addidi
890 2489 1010 2556 καί,
1049 2499 1106 2546 ut
1142 2495 1334 2560 legitur
1369 2496 1439 2547 ib.
1476 2496 1743 2551 CXXXIV
1783 2512 1831 2565 p.
1870 2499 1975 2548 210
2011 2498 2062 2548 7.

1067 2600 1136 2650 LI
1174 2616 1220 2651 c.
1610 2608 1614 2626 '

504 2701 587 2779 Τῇ
623 2702 690 2779 γῇ
727 2701 991 2767 δανείζειν
1030 2699 1273 2774 κρεῖττόν
1309 2702 1460 2756 ἐστιν
1495 2699 1531 2769 ἢ
1568 2705 1805 2777 βροτοῖς,

494 2802 614 2875 ἥτις
649 2805 840 2874 τόκους
878 2809 1107 2863 δίδωσιν
1138 2806 1206 2862 οὐ
1239 2810 1569 2880 λυπουμένη.

358 2930 614 2982 Maximus
663 2929 813 2982 Conf.
851 2931 1023 2984 LVIII
1060 2947 1110 2996 p.
1147 2929 1217 2978 95
1265 2929 1352 2980 44.
1437 2930 1578 2981 Huic
1622 2932 1806 2992 etiam,
1870 2933 1928 2979 ut
1975 2945 2058 2980 se·

221 3018 496 3083 :luentibus
534 3022 775 3085 quattuor
810 3019 1131 3087 fragmentis,
1163 3017 1480 3068 Philistionis
1517 3034 1703 3069 nomen
1742 3017 2056 3084 adscriptum

336 3200 386 3255 ¹⁸¹)
417 3203 469 3246 V.
500 3204 732 3245 Stobaeum
761 3202 882 3245 Flor.
912 3203 991 3245 XL
1023 3202 1065 3245 8.
1107 3200 1178 3254 ubi
1210 3198 1346 3242 edidit
1374 3198 1646 3242 Gaisfordius
1684 3198 1935 3255 ἡσσωμένου
1966 3197 2051 3257 γάρ

220 3288 326 3317 ποτε
362 3273 498 3319 αῧτοῦ
528 3278 598 3318 καὶ
627 3271 928 3331 ἆπηλλαχότος
958 3272 1139 3324 ἇστείως
1171 3270 1462 3323 συναντῶντές
1491 3289 1621 3328 τινες,
1672 3273 1728 3321 ὥς
1769 3272 2050 3332 εὗημίρηκας,

220 3350 398 3405 ἔφασαν,
421 3351 638 3406 Φιλῆμον.
671 3351 757 3394 Pro
775 3351 1043 3408 ἡσσωμένου,
1076 3352 1189 3407 quod
1218 3355 1335 3394 certe
1357 3347 1601 3406 ἡσσημένου
1632 3349 1908 3393 scribendum
1940 3357 2051 3406 erat,

218 3422 318 3466 libri
346 3423 506 3469 habent
532 3419 680 3481 ἥσσων
709 3427 834 3481 ’ίσμεν
864 3423 932 3470 οὐ.
990 3426 1161 3469 Forsan
1190 3422 1502 3481 ἠγωνισμένου.
