2202 3918
273 200 378 253 856
449 197 898 253 FRAGMENTA
937 195 1379 249 COMICORUM
1418 195 1956 248 ANONYMORUM.

276 358 394 396 cum
430 347 591 409 nupta
626 341 820 393 festum
859 338 1081 391 transilit
1118 339 1276 389 limen
1315 339 1464 405 pede,

275 433 510 484 Fortuna
548 431 743 498 pariter
779 431 936 481 intrat
974 433 1062 478 aut
1101 429 1236 478 bona
1275 435 1363 478 aut
1401 428 1550 478 mala.

1112 517 1308 568 CCCL.

274 609 387 660 Rus
426 625 523 675 ego
562 607 784 660 sollicite
822 622 965 668 curo,
1003 621 1107 657 non
1144 621 1228 655 me
1267 611 1322 656 ut
1361 606 1567 666 nutriat,

277 698 372 749 sed
408 698 578 764 ipsum
615 704 674 748 ut
710 715 739 748 a
777 714 862 748 me
901 696 1158 746 nutriatur
1193 694 1406 745 affatim.

274 785 422 837 fodio
459 802 681 852 seroque
718 802 926 852 semper
964 791 1015 834 et
1053 785 1126 834 nil
1165 800 1268 834 non
1306 801 1422 850 ago,

275 880 335 925 ut
362 876 495 925 ratio
534 876 744 942 expensi
782 881 835 926 et
871 874 1072 940 accepti
1110 873 1453 939 respondeat:

274 951 380 1015 sed*
405 963 504 1015 iste
541 980 693 1030 quem
732 964 833 1014 emi
869 963 1204 1014 conturbator
1243 968 1321 1012 est
1358 979 1499 1028 ager,

274 1068 427 1119 quem
466 1068 583 1104 cum
621 1052 892 1104 medimnis
932 1051 1116 1102 hordei
1156 1052 1477 1101 conseverim

276 1141 473 1206 viginti,
512 1141 594 1190 vix
631 1141 758 1189 mihi
795 1141 883 1189 ille
922 1141 1170 1190 tredecim
1210 1140 1468 1189 reddidit:

274 1229 525 1279 bellatum
563 1229 628 1279 ad
668 1228 880 1279 Thebas
921 1228 1048 1276 alios
1086 1234 1287 1293 septem
1325 1229 1430 1278 isse
1467 1227 1710 1278 arbitror.

276 1333 486 1368 servare
525 1316 858 1383 sepulchrum
898 1316 1039 1366 iusso
1079 1332 1162 1366 me
1199 1316 1528 1367 Niobeidum.

278 1403 339 1456 B.
379 1405 492 1456 Erit
530 1406 902 1466 adiumentum,
942 1413 1113 1471 spero.
1189 1406 1251 1455 A.
1293 1405 1402 1455 lmo
1440 1407 1512 1455 ita
1550 1420 1685 1456 nunc
1724 1403 1936 1457 hercule
1975 1405 2068 1454 est.

281 1509 399 1545 nam
439 1494 578 1558 quod
615 1494 739 1555 fert,
777 1509 878 1543 uno
918 1493 1044 1543 ferri
1082 1495 1315 1543 iumento
1355 1500 1545 1560 potest.

1096 1583 1316 1634 eccm.

281 1671 478 1722 Curare
517 1673 758 1723 iuvenum
800 1688 1072 1738 possumus
1112 1674 1263 1722 vitam
1303 1687 1472 1733 cenez

281 1765 334 1809 et
371 1776 431 1810 ea
471 1760 691 1810 vicissim
734 1762 970 1826 accipere
1009 1777 1142 1825 quae
1182 1762 1394 1811 iuvenes
1434 1760 1644 1810 habent.

929 1850 1173 1900 GCCLV.
1249 1848 1518 1900 cchV1.

1230 1936 1416 1983 Omnia

281 2024 410 2074 ferri
449 2040 508 2074 ac
546 2022 734 2073 referri
774 2024 924 2073 video
966 2024 1228 2072 Fortunae
1271 2023 1516 2073 aestibus·

282 2113 684 2180 Peropportuna
724 2113 787 2162 ad
827 2110 1222 2162 consultandum
1264 2112 1405 2161 curia

285 2208 361 2253 est
400 2217 547 2252 casus
585 2202 714 2268 ipse.

1054 2271 1379 2324 CCCLVIH.

287 2364 431 2427 Quae
469 2362 683 2411 deorum
721 2377 806 2411 res
846 2366 898 2410 et
936 2361 1203 2412 hominum
1242 2364 1500 2426 temperat
1538 2364 1663 2408 nutu
1705 2376 1817 2423 suo,

289 2450 524 2500 dividens
564 2457 765 2515 partem
808 2451 998 2500 viritim
1040 2450 1255 2516 singulis
1295 2453 1526 2498 nostrum
1566 2463 1728 2510 suam,

288 2544 600 2605 praepotens
641 2539 884 2589 Fortuna.

1077 2609 1208 2660 CCC
1218 2608 1347 2658 LIX.

237 2737 244 2746 s
290 2687 375 2750 Nil
414 2713 514 2749 non
555 2697 760 2749 docebit
801 2704 1004 2764 tempus
1043 2698 1285 2764 amplum,
1327 2696 1645 2763 Nicophron.

429 2999 468 3039 Ρ.
498 2985 585 3028 819
617 2999 677 3026 vs.
716 2985 740 3026 4
774 2984 905 3039 quod]
941 2987 968 3026 Ι.
1002 2998 1105 3038 quos
1226 2999 1268 3040 p.
1303 2985 1389 3027 826
1420 2997 1478 3025 vs.
1512 2984 1539 3025 4
1572 2982 1703 3025 videt.
1761 2996 1823 3023 vs.
1859 2983 1911 3026 13
1946 2982 2150 3064 desertor

292 3056 335 3100 p.
361 3041 448 3088 829
483 3057 544 3086 VS.
578 3045 634 3086 18
663 3044 841 3099 cornua]
878 3046 903 3086 1.
936 3057 1098 3086 corona
1220 3058 1259 3099 Ρ.
1291 3044 1374 3086 831
1411 3057 1469 3084 vs.
1502 3043 1531 3086 9
1565 3041 1676 3098 esse]
1712 3042 1740 3082 Ι
1774 3057 1871 3084 sese

1437 3259 1525 3268 —---1
