2202 3918
531 202 977 276 comcoRUM
1018 203 1556 273 ANONYMORUM.
1892 207 1997 259 649

132 347 198 399 ad
231 348 461 413 Euphor.
480 344 664 411 fragm.
689 362 738 411 p.
765 346 849 396 1⁰.
936 347 1002 396 At
1039 342 1177 396 idem
1217 343 1345 393 iliud
1384 346 1597 396 verbum
1639 348 1832 398 comici
1871 365 1997 415 poe-

105 443 221 490 ,tae
260 437 416 486 etiam
456 435 524 484 de
560 434 861 484 hominibus
898 432 1111 482 sordide
1148 431 1314 482 avaris
1354 431 1614 484 dicebant.
1658 434 1998 489 ‘Plutarchus

134 525 288 587 Proy.
331 524 350 574 1
398 523 489 574 84.
541 516 1023 583 Χαλκιδίζειντ
1087 516 1181 569 ἐπὶ
1228 515 1338 568 τῶν
1386 516 1868 586 γλισχρευομένων.
1943 522 1999 573 οἱ

132 608 242 678 γὰρ
277 609 336 661 ἐν
372 605 590 681 Εὐβοίᾳ
620 605 917 668 Χαλκιδεῖς
953 603 1045 657 ἐπὶ
1083 600 1422 676 φιλαργυρίᾳ
1459 603 1871 676 ἐκωμῳδοῦντο,
1908 613 1998 663 ubi

136 701 257 754 vide
296 701 577 753 editorem.

929 767 1212 820 CLXXXI.

276 876 606 949 HesychiuS,
664 871 1307 943 Χρεμψιθὲατροιε
1382 860 1438 922 οἱ
1490 860 1752 932 εἰσιόντες
1807 862 1886 933 εἷς
1937 870 2001 923 τὸ

135 958 403 1030 θέατρον.
476 963 764 1031 Integriora
800 964 933 1015 haec
969 963 1107 1029 apud
1145 961 1359 1013 Suidam
1410 960 1689 1027 leguntur,
1738 958 2003 1030 Χρεμψι-

136 1047 387 1119 θέατρον
422 1050 577 1119 (sic):
619 1043 656 1114 ἢ
693 1041 781 1101 ὅτι
818 1042 1080 1110 εἰσιόντες
1114 1041 1190 1110 εἷς
1229 1043 1291 1099 τὸ
1323 1044 1573 1118 θέατρον
1610 1045 2004 1119 χρέμπτονται,

136 1156 173 1203 η
210 1128 300 1190 ὅτι
328 1133 732 1209 χρεμπτόμενοι
768 1132 1154 1206 ἐκβάλλονται.

884 1298 910 1326 *
950 1294 1253 1348 CLXXXII.

359 1395 502 1453 Οὐδ’
541 1397 834 1471 Ἀμυμίαν
867 1396 1030 1472 ὁρᾶτε
1069 1395 1290 1468 πτωχὸν
1323 1392 1448 1451 ὅντ’
1489 1393 1584 1471 ἐφ’
1627 1393 1793 1469 ἡμῖνς

283 1515 609 1582 Hephaestio
649 1516 720 1569 VI
772 1534 823 1584 p.
863 1517 933 1568 36
982 1515 1147 1569 Gaias.
1200 1515 1268 1568 de
1315 1515 1593 1568 trochaicis
1645 1517 1880 1568 versibus
1925 1517 2007 1568 di-

148 1617 303 1654 cens:
353 1598 557 1671 ὁμοίως
594 1603 653 1655 δὲ
690 1605 785 1657 καὶ
823 1602 886 1656 τὸ
925 1599 1290 1672 τετράμετρον
1326 1598 1851 1673 βραχυκατοὶληκτον
1886 1599 2007 1655 ἐπί-

145 1685 329 1757 σημόν
364 1689 542 1757 ἐστιν,
580 1683 702 1744 οἷον
747 1688 885 1745 Οὐδ’
921 1687 1207 1761 Ἀμυνίαν
1242 1689 1356 1744 κτλ.
1450 1693 1529 1744 Ita
1583 1694 1722 1745 enim
1773 1694 2006 1748 scriben-

139 1779 266 1866 x«lum
303 1787 385 1834 est
422 1800 517 1851 pro
557 1784 696 1837 edito
729 1777 1065 1854 Ἀμειψίαν.
1139 1783 1204 1836 V.
1242 1782 1384 1834 Hist.
1424 1782 1538 1834 crit.
1577 1798 1629 1850 p.
1668 1783 1792 1834 200.

866 1930 891 1957 ⁸
944 1925 1281 1980 CLXXXIII.

311 2026 438 2081 Τῶν
471 2028 714 2084 πολιτῶν
747 2026 957 2102 ἄνδρας
994 2026 1124 2098 ὑμῖν
1156 2025 1522 2099 δημιουργοὺς
1559 2023 1854 2100 ἀποφανῶ.

291 2144 621 2212 Hephaestio
661 2147 733 2201 vl
773 2165 824 2215 p.
861 2148 931 2198 87
971 2146 1137 2199 Gaisf.
1186 2147 1253 2198 de
1301 2145 1563 2197 tribracho
1618 2145 1672 2196 in
1709 2146 1893 2198 ultima
1929 2149 2008 2198 te-
2028 2138 2038 2143 N

154 2235 391 2285 trametri
430 2235 680 2287 trochaici
719 2237 845 2288 sede
884 2253 1074 2303 agene.
1126 2228 1483 2302 παράδειγμα
1519 2226 1645 2283 τόδε
1691 2231 1816 2283 Τῶν
1853 2233 2008 2285 πολι-

147 2336 260 2371 των
291 2318 405 2372 κτλ.
490 2323 593 2375 Pro
641 2318 850 2392 ἄνδρας
896 2341 958 2377 ex
996 2339 1097 2376 uno
1133 2323 1268 2377 libro
1307 2330 1551 2377 enotatur
1588 2316 1803 2392 ἄνδρες,
1859 2325 2000 2392 quod

153 2410 332 2464 nescio
368 2427 434 2464 an
471 2412 613 2464 edito
651 2417 904 2482 praestet.

878 2522 902 2551 '¹
955 2519 1281 2573 CLXXXIV.

406 2619 720 2692 Θυμελικάν
757 2622 854 2676 ἴθι
887 2619 1074 2694 μάκαρ
1112 2617 1469 2694 φιλοφρόνως
1503 2613 1580 2685 εἰς
1617 2618 1748 2692 ἔριν.

293 2739 622 2806 Hephaestio
643 2740 767 2792 xm
790 2758 842 2808 p.
860 2740 1118 2793 757Gaisf.
1158 2740 1225 2792 de
1262 2738 1525 2807 paeonicis
1562 2739 1797 2789 versibus
1835 2754 2014 2806 agens,

152 2844 285 2897 quos
322 2845 351 2880 a
389 2828 696 2894 quibusdam
734 2830 805 2880 ita
844 2830 1087 2897 componi
1124 2828 1276 2891 dicit,
1318 2817 1459 2877 ὥστε
1510 2828 1651 2894 τρεῖς
1695 2812 1840 2876 εἶναι
1887 2823 2015 2888 τοὶς

38 2957 43 2961 -
153 2914 524 2985 καλουμένους
552 2910 844 2985 τετάρτους
882 2913 1150 2980 παίωνας,
1187 2903 1306 2966 εἶτα
1344 2913 1657 2966 τελευταῖον
1694 2910 1795 2968 τὸν
1830 2931 2012 2983 κρητι-

154 3000 255 3058 κόν
296 2999 608 3074 Θυμελικάν
642 3004 757 3059 κτλ.
805 3008 901 3059 His
939 3008 1113 3060 verbis
1150 3007 1342 3059 chorus
1379 3006 1630 3074 tragicum
1670 3005 2014 3071 compellasse

154 3096 396 3168 videtur,
452 3111 607 3162 quem
663 3097 893 3149 comicus
947 3102 1104 3164 poeta
1158 3097 1225 3148 de
1284 3097 1494 3165 poesios
1549 3095 1841 3163 principatu
1896 3109 2014 3146 cum

31 3185 34 3196 ’
157 3185 378 3236 aemulis
413 3190 699 3236 certantem
736 3190 1236 3252 repraesentaverat.
1311 3187 1384 3237 Ut
1421 3184 1821 3252 Aristophanem
1861 3183 2014 3233 omit-

157 3276 300 3335 tam,
347 3272 519 3323 simile
551 3272 836 3341 Phrynichi
872 3277 926 3327 iu
964 3274 1131 3326 Musis
1168 3274 1460 3326 institutum
1498 3279 1627 3325 erat.
1713 3274 1789 3324 Ac
1826 3271 2015 3338 proba-

158 3360 264 3414 bile
308 3367 390 3414 est
435 3362 628 3415 veteris
672 3364 974 3419 comoediae
1011 3367 1192 3433 poetas
1221 3356 1490 3419 eiusmodi
1543 3366 1850 3433 argumenta
1899 3374 2014 3413 sae-

97 3516 112 3531 ⁸
157 3449 279 3518 ptus
314 3456 585 3505 tractasse.
