2202 3918
324 225 431 278 778
1053 222 1432 274 MENANDRI

326 382 689 428 commemora,
728 381 935 432 quaeso.
1013 380 1128 415 nam
1168 365 1255 430 qui
1293 371 1510 416 naturae
1554 366 1702 418 bonis

324 456 586 523 propriam
625 455 902 522 desperant
938 454 1173 519 indipisci
1211 454 1448 520 gloriam,

323 544 458 596 istuc
494 543 826 610 confugiunt:
864 546 1110 608 repetunt
1136 542 1397 593 maiorum
1433 557 1584 593 suum

322 619 685 694 monument&
723 637 848 698 quot
886 636 1005 681 sunt
1042 630 1274 697 stirpitus
1310 638 1582 681 numerant
1619 648 1768 684 avos:

323 722 415 772 sed
453 721 583 772 nihil
618 722 739 771 hinc
775 721 935 771 lucri:
970 719 1314 786 -nuncupassis
1352 720 1630 782 neminem,

321 811 402 862 avi
439 810 562 876 quoi
596 826 698 861 non
736 810 865 860 sint:
904 825 1020 860 nam
1057 809 1197 860 unde
1235 810 1472 875 prognati
1508 807 1728 861 forent?

321 906 374 951 at
410 901 498 966 qui
540 915 755 950 censere
792 898 888 948 hos
925 903 1184 964 nequeant
1222 903 1476 948 mutatum
1516 898 1582 949 ob
1622 899 1810 962 solum,

321 989 594 1057 generisve
630 988 1042 1038 internecionem
1081 991 1134 1038 et
1170 987 1521 1050 solitudinem,

321 1093 454 1130 eone
489 1076 827 1143 ignobiliores
864 1076 966 1127 sint
1000 1076 1374 1127 censentibus?

319 1167 630 1232 quicumque
666 1165 731 1214 ad
767 1171 910 1215 recta
946 1164 1113 1214 fertur
1151 1165 1367 1230 proclivi
1404 1164 1599 1226 indole,

319 1254 509 1305 nobilis
545 1258 642 1315 est,
680 1259 860 1315 mater,
901 1253 967 1303 sit
1003 1253 1643 1319 quantumvisAethiops,

321 1343 567 1410 Scytham
606 1343 971 1393 exsecramur?
1007 1357 1179 1392 nonne
1219 1347 1272 1392 et
1310 1342 1621 1395 Anacharsis
1658 1341 1897 1408 Scytha?

1202 1430 1266 1482 V.

319 1521 632 1573 Hominibus
669 1520 770 1570 alia
808 1524 1060 1585 quotquot
1097 1524 1217 1570 sunt
1255 1519 1530 1571 animantia

318 1614 426 1661 tum
464 1614 583 1661 sunt
621 1609 869 1671 beatiora,
904 1615 1012 1659 tum
1045 1607 1255 1674 sapiunt
1291 1610 1472 1675 magis,

318 1699 603 1765 principio,
642 1697 814 1758 sodes,
852 1697 1051 1747 asinum
1089 1687 1267 1762 'specta
1304 1698 1460 1748 istum
1499 1697 1649 1747 mihi:

316 1790 360 1839 is
399 1793 479 1839 est
513 1786 694 1839 infelix
732 1792 874 1835 extra
913 1785 1346 1846 controversiam3

319 1884 373 1927 at
398 1876 540 1927 nulla
578 1874 818 1942 propriae
854 1879 1067 1939 accepta
1101 1874 1286 1939 culpae
1321 1873 1428 1924 fert
1465 1876 1597 1926 mala
1611 1894 1632 1936 ς.

318 1966 412 2017 sed
451 1980 583 2030 quae
620 1967 803 2014 natura
836 1962 1072 2024 iniunxit,
1110 1961 1551 2029 hisdefungitur.

316 2071 412 2107 nos
449 2069 591 2114 vero,
629 2057 836 2118 praeter
873 2067 933 2101 ea
971 2065 1104 2115 quae
1139 2049 1246 2101 fert
1283 2053 1589 2114 necessitas,

316 2143 414 2210 ipsi
453 2143 552 2192 alia
589 2143 764 2191 nostra
801 2144 986 2205 sponte
1020 2154 1181 2205 super
1217 2141 1542 2192 accersimus.

319 2232 556 2282 dolemus
594 2229 683 2278 ubi
720 2228 835 2293 quis
873 2228 1121 2278 sternuit:
1161 2228 1446 2278 convicium

319 2320 435 2387 quis
472 2317 614 2379 dixit,
650 2317 1007 2382 indignamur:
1048 2316 1176 2366 vidit
1213 2319 1487 2380 somnium,

316 2391 823 2458 metuimusz⁰ululat
860 2409 1065 2466 noctua,
1102 2404 1536 2457 exhorrescimus.

314 2496 478 2561 leges,
513 2493 758 2553 honores,
795 2492 1035 2553 ambitus,
1070 2493 1306 2555 certatio,

314 2583 449 2634 mala
483 2581 614 2631 haec
651 2580 845 2631 adscita
882 2581 1030 2631 nobis
1068 2586 1204 2643 sunt,
1243 2596 1346 2632 non
1382 2581 1562 2634 insita.-

1198 2670 1289 2721 V1.

314 2761 386 2812 Et
419 2773 592 2809 nonne
630 2757 814 2806 merito
852 2757 986 2807 saxis
1023 2757 1297 2824 religatum
1335 2760 1538 2825 asperis

313 2848 644 2911 vinctumque
682 2845 820 2911 pingi
858 2845 1117 2895 cernimus
1157 2846 1498 2909 Promethea3

316 2942 370 2988 et
408 2935 677 2986 dedicatur
712 2935 789 2984 illi
827 2933 929 2995 fax,
966 2939 1018 2983 et
1057 2935 1129 2984 nil
1166 2935 1288 2985 boni

315 3023 629 3091 praeterea?
667 3038 801 3084 nam,
838 3022 975 3088 quod
1012 3022 1092 3073 dis
1130 3023 1287 3073 credo
1324 3022 1543 3075 invisum
1583 3026 1841 3088 omnibus,

314 3111 461 3162 finxit
497 3110 771 3162 mulieres:
810 3111 944 3177 proh
981 3112 1208 3178 supremi
1247 3112 1477 3175 coelites,

314 3204 524 3266 gentem
559 3199 862 3250 scelestam:
903 3205 956 3249 et
995 3199 1197 3266 nuptias
1235 3202 1420 3266 aliquis
1457 3201 1581 3253 facit

314 3286 624 3338 hominum?
660 3302 777 3337 nam
815 3288 1124 3354 cupiditates
1161 3291 1408 3357 ingruunt
1445 3291 1628 3354 malae,

316 3375 562 3440 deinceps
597 3372 650 3424 in
686 3374 844 3441 iugali
880 3376 1144 3429 luxurians
1181 3383 1296 3437 toro

316 3462 584 3525 moechus,
621 3477 836 3526 venena,
874 3465 1106 3530 insidiae,
1143 3467 1348 3532 invidia,
1389 3469 1646 3535 pessimus
1719 3516 1731 3527 ,
