2202 3918
264 195 370 247 742
956 191 1405 243 PfflLEMONlS

266 339 582 403 superesset,
621 333 807 400 laqueo
847 334 999 385 vitam
1036 332 1240 383 finirem
1277 333 1404 384 mihi

266 424 452 486 libens,
488 424 671 474 liceret
707 428 765 473 ut
797 428 1036 489 spectare
1073 422 1399 488 Euripidem.

1102 511 1195 560 XL
1232 511 1282 561 b.

266 598 551 668 Sphingem
576 617 770 652 marem
804 599 1071 666 equidem,
1111 614 1213 649 non
1253 614 1494 666 coquum,
1527 599 1710 651 admisi
1746 601 1799 652 in
1836 600 2073 663 domum3

263 704 504 755 namque,
540 694 599 740 ut
636 690 939 757 simpliciter
977 688 1162 751 dicam,
1198 688 1327 738 nihil
1363 688 1612 756 intellego

263 776 449 827 horum
488 793 621 843 quae
659 778 916 843 loquitur:
956 776 1113 827 intrat
1149 777 1428 828 meditatus
1464 793 1596 828 nova

265 866 530 917 vocabula.
576 887 582 892 ·

1120 937 1253 990 XLI.

263 1022 319 1074 Si
357 1038 489 1089 quae
524 1022 779 1076 bonorum
817 1027 1067 1077 habemus
1104 1026 1186 1077 his
1225 1042 1326 1077 non
1365 1027 1575 1088 utimur,

263 1126 396 1176 quae
433 1127 536 1162 non
573 1112 824 1165 habemus
863 1115 1175 1181 quaerimus,
1213 1131 1422 1181 semper
1460 1115 1606 1165 boni·

262 1204 351 1250 aut
387 1203 564 1252 nostro
603 1202 726 1252 vitio
764 1209 853 1253 aut
891 1202 1133 1254 fortunae
1173 1202 1477 1253 carebimus,

1112 1308 1271 1359 XLII.

260 1397 326 1449 A.
364 1395 501 1462 Quid
538 1397 714 1448 vivere
751 1413 881 1465 opus
920 1403 1001 1450 est
1037 1395 1291 1450 nescienti
1331 1395 1543 1459 vivere?
1619 1432 1625 1435 ἡ

260 1484 322 1535 Β.
358 1485 429 1535 At
465 1485 638 1536 vinum
678 1486 730 1537 in
768 1502 923 1538 eausa
961 1494 1058 1539 est.
1133 1503 1324 1554 nempe
1358 1493 1485 1554 quot
1522 1491 1643 1540 suut
1682 1487 1829 1548 ebrii,

260 1573 515 1640 mancipia
553 1574 768 1627 totidem
808 1575 912 1627 vini
950 1577 1114 1644 potati
1151 1578 1355 1643 aspicis.
1532 1571 1536 1575 ’

260 1661 622 1728 quodcumque
662 1663 766 1714 feci
802 1665 975 1716 vinum
1014 1683 1099 1716 me
1135 1665 1313 1717 facere
1351 1665 1571 1732 impulit.

258 1751 321 1803 A.
360 1750 558 1801 Malum
596 1751 649 1801 id
689 1768 903 1804 necesse
943 1760 1022 1805 est
1056 1755 1233 1805 vinum
1271 1754 1450 1818 fuerit,
1484 1754 1777 1821 Nicophon.

1091 1860 1284 1913 xmn.

260 1945 436 1996 Habet
472 1946 730 2012 malignus
768 1949 899 1998 livor
937 1949 1039 1999 hoc
1074 1949 1126 1999 in
1165 1966 1223 2000 se
1260 1950 1399 2012 boni,

260 2036 398 2102 quod
437 2037 691 2104 eligentes
729 2037 934 2102 insequi
971 2043 1166 2088 sectam
1203 2054 1351 2089 suam

262 2141 439 2177 comes
475 2125 647 2179 fidelis
686 2124 830 2175 mille
867 2125 1144 2177 discruciat
1181 2127 1367 2178 modis.

1098 2233 1283 2287 XLIV.

260 2322 438 2372 Bonae
475 2321 726 2383 mulieriS,
766 2338 796 2371 o
836 2322 1146 2385 Nicostrata,
1185 2328 1265 2374 est
1303 2323 1430 2374 dare

258 2426 361 2460 non
400 2410 750 2476 imperiosam,
789 2409 882 2459 sed
921 2409 1231 2475 morigeram
1271 2427 1329 2461 se
1367 2413 1494 2461 vire.

260 2498 369 2549 viro
408 2499 648 2565 superior
685 2497 896 2558 semina,
934 2498 1241 2550 immensum
1283 2503 1361 2551 est
1399 2501 1606 2551 malum.

1103 2604 1261 2656 XLV.

260 2694 423 2754 Here,
464 2697 574 2742 tute
611 2693 768 2759 homso
808 2707 966 2758 quum
1006 2692 1077 2741 sis
1116 2699 1282 2756 natus,
1321 2695 1437 2745 fieri
1477 2713 1577 2747 non
1621 2702 1738 2764 pote
1826 2687 1828 2690 ’

260 2781 416 2831 homo
457 2799 522 2833 ue
559 2782 656 2832 sis:
695 2781 892 2832 frustra
931 2787 1010 2831 est
1049 2782 1147 2832 ista
1184 2783 1500 2836 lamentatio.

258 2886 473 2920 necesse
514 2876 592 2920 est
631 2871 818 2921 haheat
856 2871 1032 2933 multa,
1071 2871 1158 2937 qui
1198 2872 1336 2935 vivit,
1375 2873 1524 2923 mala.

1061 2976 1229 3028 XL-VI
1267 2995 1312 3028 a.

258 3064 312 3114 Si
353 3065 749 3140 circumspicias»,
790 3082 941 3116 nemo
977 3072 1058 3115 est
1092 3067 1412 3118 medicorum
1452 3069 1679 3119 omnium

257 3159 399 3202 recte
438 3154 608 3204 valere
644 3156 835 3204 amicos
875 3155 961 3221 qui
1001 3156 1172 3221 cupiat
1212 3171 1350 3217 suoS‚

258 3256 354 3291 nec
392 3241 541 3308 miles
577 3243 716 3295 urbis
754 3244 1011 3310 placidum
1051 3244 1138 3309 qui
1178 3251 1388 3311 exoptet
1426 3252 1626 3298 statum,

1053 3351 1217 3402 XLVI
1258 3352 1306 3401 b,

259 3433 387 3485 Tam
427 3435 595 3486 subito
632 3438 854 3491 imbellis
894 3439 1113 3491 sactus?
1147 3455 1278 3502 uam,
1322 3456 1386 3490 ne
1426 3441 1640 3500 nescias,
