2202 3918
214 209 317 260 180
948 203 1201 259 MENAN
1208 205 1329 258 nm

214 351 415 401 Primas
465 347 624 415 igitur
667 343 874 396 fabulae
922 350 1096 411 partes
1134 346 1426 398 Menander
1465 347 1736 400 Polemoni
1784 349 2067 402 demanda-

213 444 375 503 verat,
411 439 707 503 importuno
745 433 894 484 militi
933 438 985 483 et
1021 434 1336 500 gravissimis
1371 436 1662 502 zelotypiae
1699 439 1919 490 stimulis
1957 439 2068 505 agi-

214 533 339 580 tato.
411 526 550 576 Hinc
588 522 874 581 LucianuS‚
923 522 1010 586 qui
1049 521 1262 585 dicitur,
1303 522 1431 574 Dial.
1470 524 1689 577 Meretr.
1727 527 1800 577 lx
1836 544 1888 594 p.
1927 528 2068 578 3⁰3:

213 609 336 666 οὔτε
388 609 698 679 Πολέμωνα
746 604 1000 678 τοιοῦτον
1043 605 1394 671 ἐπανήκοντα
1426 604 1701 678 χρήσιμον
1757 609 1836 680 μὴ
1885 631 2069 683 παρα-

215 701 516 772 δέχεσθαι·
580 692 804 763 προσέτι
865 690 974 763 γὰρ
1042 695 1138 746 καὶ
1183 691 1485 761 ζηλότυπός
1546 696 1681 750 ἐστι.
1744 700 1884 753 ,cfr
1940 702 2067 755 ibid.

215 812 265 863 p.
304 791 436 842 304:
487 781 811 854 ὀργιζομένῳ
860 777 959 852 οὐχ
1006 773 1129 835 οἷόν
1178 803 1235 836 τε
1283 792 1541 857 παρεῖναι
1588 786 1911 856 Πολέμωνι,
1975 788 2070 839 καὶ

214 877 426 951 μᾶλλον
461 867 873 936 ἐπιταθήσεται
909 870 1240 936 ζηλοτυπῶν.
1316 877 1422 929 lste
1458 878 1618 946 igitur
1657 878 1872 930 Polemo
1911 893 2070 945 quum

215 970 441 1038 puellam
493 981 644 1031 quam
703 963 968 1030 deperiret
1013 964 1266 1030 perfidiae
1313 966 1611 1030 suspectam
1657 963 1905 1029 haberet,
1966 970 2072 1018 sta-

214 1060 337 1121 tim,
384 1063 441 1108 ut
487 1060 598 1106 erat
635 1053 793 1104 homo
832 1051 897 1102 ad
933 1051 1251 1104 iracundiam
1288 1067 1515 1119 pronus,
1565 1052 1847 1104 bacchatur
1895 1060 1948 1105 et
1984 1054 2071 1106 fu-

212 1165 336 1200 rore
374 1144 644 1213 perculsus
695 1142 936 1193 miseram
973 1142 1218 1193 conviciis
1255 1142 1518 1207 increpat,
1570 1148 1768 1194 vestem
1805 1143 2071 1202 dilacerat,

216 1245 271 1290 et
321 1252 424 1303 quo
469 1232 597 1285 nihil
646 1231 925 1298 putabatur
971 1230 1365 1296 ignominiosius
1416 1232 1502 1293 (v.
1542 1230 1719 1281 Savar.
1775 1231 1840 1282 ad
1888 1232 2070 1284 Sidon·

216 1326 390 1393 Apoll.
450 1323 493 1374 V
548 1321 614 1370 13
666 1336 717 1385 p.
756 1318 860 1368 335
919 1324 971 1368 et
1018 1319 1288 1386 Boettiger
1338 1319 1565 1384 Specim.
1619 1319 1833 1371 Terent.
1885 1338 1936 1387 p.
1974 1323 2069 1385 60)

215 1414 428 1487 capillos
484 1407 771 1459 detondet.-
823 1407 971 1458 Haec
1018 1408 1190 1461 omnia
1235 1408 1479 1461 discimus
1525 1423 1587 1458 ex
1636 1406 1883 1474 Agathia3
1947 1408 2070 1476 quid

212 1519 371 1571 porro
419 1498 606 1550 fecerit
650 1497 806 1547 homo
856 1494 1084 1547 furiosus
1152 1496 1306 1548 docet
1358 1514 1454 1548 nos
1503 1497 1849 1549 Philostratus
1899 1499 2069 1571 Epist.

213 1591 388 1646 XXVI
428 1606 478 1656 p.
509 1587 644 1637 924.
681 1577 811 1634 οὐδὲ
848 1578 879 1633 6
925 1578 1022 1633 τοῦ
1058 1579 1395 1661 Μενάνδρου
1432 1582 1708 1672 Πολέμων
1742 1581 1915 1637 καλὸν
1949 1602 2069 1653 μει-

213 1675 404 1750 ράκιον
441 1672 776 1756 περιέκειρεν,
813 1664 941 1722 ἀλλ’
983 1664 1337 1740 αι’χμαλωτοῦ
1367 1675 1471 1741 μὲν
1506 1668 1778 1743 ἐρωμένης
1812 1669 2070 1727 κατετόλ-

213 1783 390 1839 μησεν
425 1758 728 1832 ὀργισθείς,
766 1754 836 1824 ἢν
870 1754 998 1812 οὐδὲ
1035 1756 1202 1824 αὐτὸς
1238 1755 1535 1831 ἆποκειρας
1570 1757 1845 1832 ηνέσχετο.
1890 1759 2066 1816 κλαίει

159 1863 162 1865 ’
214 1855 349 1927 γοῦν
402 1848 730 1906 καταπεσών
778 1849 870 1900 καὶ
929 1847 1322 1918 μεταγινώσκει
1375 1849 1451 1923 τῷ
1495 1848 1650 1924 φόνῳ
1692 1869 1805 1904 των
1849 1851 2063 1923 τριχῶν.

217 1950 381 2018 lgitur
415 1945 540 1996 facti
578 1940 897 2009 poenitentia
934 1941 1118 1992 ductus
1158 1949 1211 1992 et
1246 1942 1456 1993 sibimet
1493 1943 1611 2009 ipse
1646 1943 1809 1996 iratus
1846 1944 1910 1999 ad
1934 1945 2067 1996 flen-

216 2041 283 2091 tis
328 2034 550 2087 amasiae
597 2046 766 2097 genua
803 2029 1125 2095 procumbit,
1177 2031 1392 2082 crudele
1446 2032 1585 2097 quod
1624 2034 1937 2099 perpetrarit
1985 2033 2065 2085 fa-

150 2135 161 2141 ”
217 2129 361 2180 cinus
400 2126 726 2179 exsecratur,
772 2124 828 2166 et
866 2123 924 2167 ut
960 2133 1104 2169 suam
1143 2119 1241 2169 sibi
1278 2120 1591 2172 dementiam
1628 2121 1861 2188 ignoscat
1896 2123 2067 2175 animo

215 2202 442 2285 graviter
481 2215 740 2262 commoto
779 2212 944 2274 rogat.
1025 2208 1105 2258 Ex
1143 2207 1242 2258 hac
1276 2226 1374 2276 ego
1412 2226 1566 2261 scena
1603 2227 1809 2262 versum
1847 2213 2066 2278 petitum

215 2302 451 2362 coniicio,
490 2313 642 2364 quem
681 2297 838 2346 tacito
876 2295 1103 2347 auctoris
1141 2298 1347 2350 nomine
1384 2300 1606 2350 servavit
1636 2299 1898 2353 Plutarch.
1928 2301 2064 2390 Opp.

109 2465 112 2467 Α
213 2395 353 2447 Mor
391 2407 443 2457 p.
477 2386 673 2438 wod·

541 2482 684 2541 Οἵαν
719 2483 892 2539 ἄδικω
928 2483 1146 2558 γυναῖχ’
1186 2484 1218 2541 6
1254 2488 1582 2560 δυσδαίμων
1615 2486 1737 2559 ἐγώ.

215 2606 399 2670 Neque
437 2607 662 2663 temere,
700 2598 908 2667 opinor,
947 2598 1174 2648 indidem
1214 2600 1365 2651 ducta
1405 2618 1519 2651 esse
1550 2600 1824 2668 suspiceris
1862 2617 1994 2667 quae
2031 2620 2062 2653 e

215 2692 524 2752 Menandro,
563 2691 655 2740 sed
695 2706 795 2739 non
835 2688 1008 2739 addito
1048 2687 1256 2738 fabulae
1295 2690 1463 2751 titulo,
1502 2691 1724 2741 citantur
1750 2691 1813 2742 ab
1836 2692 2060 2758 Etymol.

215 2783 293 2835 M.
330 2798 380 2848 p.
418 2780 487 2831 57
525 2778 593 2829 24
631 2785 684 2829 et
722 2778 1004 2828 Grammat.
1041 2777 1260 2844 Seguer.
1301 2779 1322 2829 l
1362 2795 1412 2845 p.
1452 2779 1586 2830 374:

1200 2877 1274 2932 ‘O
1309 2878 1373 2931 δ’
1414 2877 1671 2954 ἀλάστωρ
1707 2878 1809 2951 ἐγώ

465 2989 559 3039 καὶ
595 2984 884 3052 ζηλότυκος
919 2981 1243 3057 ἅνθρωπος.

220 3100 378 3151 Certe
435 3104 710 3161 utrumque
765 3097 977 3163 egregie
1034 3097 1273 3147 convenit
1327 3095 1526 3147 homini
1582 3096 1773 3147 factam
1833 3098 2073 3149 iniuriam
2163 3148 2167 3161 ‚

220 3191 477 3237 commoto
531 3185 700 3234 animo
759 3179 1030 3236 confitenti
1088 3190 1141 3235 et
1194 3184 1371 3234 delicti
1431 3185 1628 3236 veniam
1683 3186 1902 3252 petenti.
1993 3188 2072 3237 De

220 3274 474 3326 Huschkii
520 3273 782 3338 opinione,
822 3271 1391 3341 ᾳιιίΠερικειρομένην
1427 3279 1480 3323 et
1518 3267 1881 3341 Μισούμενον
1916 3290 2071 3325 unam
2152 3255 2198 3353 ι’

221 3362 544 3427 eandemque
577 3360 804 3412 fabulam
843 3361 1006 3414 fuisse
1044 3363 1404 3415 demonstrare
1441 3368 1656 3415 conatus
1704 3366 1814 3427 est,
1861 3364 2071 3467 copiose

224 3452 328 3502 dixi
363 3451 416 3503 in
455 3450 580 3502 edit.
616 3449 734 3501 mai.
2160 3450 2163 3462 '
