2202 3918
675 182 1006 237 FABULAE
1045 182 1423 238 lNcERTAE.

936 325 1178 379 xxxvl.

714 414 856 465 Dura
891 420 986 476 est,
1026 412 1314 481 Pamphila,

126 507 381 574 ingenuae
418 519 535 555 oum
574 504 850 555 meretrice
886 504 1213 556 mentatio.

901 593 1196 645 xxxvut.

128 683 293 735 Neoat
327 682 428 732 iste
462 696 693 732 macrum
729 680 932 732 faciens
958 687 1051 731 'me
1087 679 1365 731 conviviis:

61 792 64 794 ·
128 772 266 823 diota
301 772 391 823 illa
426 786 578 837 quam
616 775 738 820 sunt
776 775 905 832 cata,
943 786 1092 836 quam
1128 766 1548 835 induperatoris!

127 867 238 912 tum
275 876 398 912 vero
434 875 586 925 quam
622 859 735 926 ipse
769 859 1051 926 gloriosus,
1090 857 1348 910 carnifex!

934 947 1175 1001 XXXlX.

124 1039 288 1103 Quam
324 1052 447 1087 vero
482 1036 583 1086 hoe
620 1035 1045 1087 Alexandream?
1078 1035 1122 1086 si
1159 1050 1314 1101 quem
1351 1033 1491 1084 forte
1529 1034 1783 1099 quaerito,

122 1126 263 1177 idem
300 1131 510 1193 praesto
548 1125 648 1175 erit
685 1125 955 1176 continuo:
998 1124 1347 1175 transeundus
1385 1124 1430 1174 si
1466 1109 1619 1175 locus

124 1216 309 1283 aliquis
346 1232 441 1283 per
477 1214 675 1266 marina
710 1214 894 1281 spatia,
930 1214 1140 1282 pervias
1177 1215 1271 1264 fiet
1306 1214 1500 1266 statim.

994 1302 1108 1354 XL.
1220 1328 1228 1333 Ἴ

123 1394 211 1446 Nil
247 1393 457 1445 homine
495 1409 662 1461 egeno
701 1397 781 1444 est
817 1407 1035 1458 usquam
1070 1390 1458 1455 infortunatius,

122 1484 211 1550 qui
247 1501 307 1536 ae
339 1484 519 1535 labore
555 1488 790 1534 macerat
819 1488 972 1547 atque
1009 1481 1281 1543 insomnia,

124 1589 251 1625 suae
287 1578 346 1623 ut.
381 1577 619 1623 vescatur
655 1571 790 1623 alter
825 1586 1021 1638 operae
1053 1571 1302 1637 praemio.

982 1677 1123 1728 xm.

120 1769 258 1833 Noli,
294 1769 470 1830 homo,
506 1768 847 1834 nequicquam
885 1767 1136 1833 plangere
1175 1773 1228 1816 et
1265 1766 1536 1831 requirere

122 1874 266 1926 opes,
305 1873 536 1918 uxorem,
575 1856 774 1922 prolem
812 1855 1078 1922 egregiam
1115 1855 1372 1905 liberum:

122 1963 242 2000 nam
278 1948 411 1999 Fors
449 1945 638 1996 utenda
674 1959 808 2010 quae
844 1944 1006 2006 dedit,
1046 1945 1179 1995 Fors
1217 1943 1445 1994 abstuiit.

961 2051 1126 2102 XLll.

129 2140 274 2195 Nihil
308 2140 618 2193 incredibile
655 2146 745 2191 aut
781 2138 975 2191 factum
1015 2145 1111 2202 est,
1146 2144 1234 2189 aut
1271 2139 1389 2190 fieri
1427 2144 1602 2208 potest

124 2230 347 2282 humana
383 2231 436 2281 in
475 2231 605 2282 vita:
646 2245 817 2280 mores
854 2228 949 2280 sed
986 2228 1268 2280 viventium

127 2319 342 2387 diesque
379 2319 538 2371 multa
577 2320 852 2370 immutant
886 2317 942 2368 in
980 2319 1311 2370 miraculum.-

953 2425 1146 2479 XLlll.

125 2516 423 2594 Substantia
458 2531 577 2568 esse
613 2516 756 2572 nulla
794 2517 1058 2571 Fortunae
1093 2521 1298 2583 potest:

123 2605 217 2656 aed
254 2604 438 2671 aliquis
472 2605 640 2672 impar
674 2604 818 2655 ferre
857 2611 1070 2656 naturae
1107 2606 1247 2657 vices

125 2692 407 2745 morositati
443 2692 546 2744 hoe
582 2709 771 2747 nomen
808 2693 1056 2761 imposuit
1092 2709 1235 2745 suae.

953 2800 1139 2853 XLIV.

126 2888 296 2940 Etiam
333 2889 490 2940 celari
526 2889 571 2940 si
608 2889 730 2956 quid
770 2898 823 2941 te
860 2891 1188 2958 cognoveris,

127 2991 195 3027 ne
232 2992 357 3042 prae
392 2984 446 3028 te
481 2976 654 3030 sertor
686 2995 803 3032 nam
840 2995 928 3032 rea
965 2979 1362 3047 perplexissima
1393 2986 1476 3031 est

47 3103 51 3105 -
127 3064 179 3116 id
217 3066 369 3128 acite,
405 3073 460 3117 te
495 3067 633 3133 quod
669 3067 802 3121 alius
839 3068 1063 3124 celatum
1101 3069 1242 3122 velit.

967 3175 1066 3226 XL
1115 3211 1128 3227 .

127 3259 184 3311 Si
221 3259 315 3310 tibi
353 3258 492 3325 quod
528 3262 691 3314 nihilo
730 3263 848 3330 pluo
883 3268 964 3315 est
1000 3175 1206 3314 «lexerit
1242 3263 1516 3330 quispiam,

130 3348 435 3414 quantillum
474 3348 677 3402 dederit
708 3366 883 3402 sume:
920 3367 1038 3403 nam
1074 3353 1305 3418 quamvis
1342 3368 1522 3419 parum

128 3438 383 3504 accipere,
421 3437 585 3490 multo
622 3439 860 3508 accipere
898 3440 1018 3508 pluo
1052 3448 1131 3493 est
1168 3456 1325 3508 quam
1357 3442 1504 3495 nihil.

1868 190 1977 244 78³
