<?xml version="1.0" encoding="UTF-8"?>
<!DOCTYPE html PUBLIC "-//W3C//DTD XHTML 1.0 Transitional//EN"
    "http://www.w3.org/TR/xhtml1/DTD/xhtml1-transitional.dtd">
<html xmlns="http://www.w3.org/1999/xhtml" xml:lang="en" lang="en">
 <head>
  <title>
</title>
<meta http-equiv="Content-Type" content="text/html;charset=utf-8" />
  <meta name='ocr-system' content='tesseract 3.04.00' />
  <meta name='ocr-capabilities' content='ocr_page ocr_carea ocr_par ocr_line ocrx_word'/>
</head>
<body>
  <div class='ocr_page' id='page_1' title='image "./fragmentacomicor04meinuoft/fragmentacomicor04meinuoft_0546.png"; bbox 0 0 2202 3918; ppageno 0'>
   <div class='ocr_carea' id='block_1_1' title="bbox 261 199 1370 257">
    <p class='ocr_par' dir='ltr' id='par_1_1' title="bbox 261 199 1370 257">
     <span class='ocr_line' id='line_1_1' title="bbox 261 199 1370 257; baseline -0.004 0"><span class='ocrx_word' id='word_1_1' title='bbox 261 204 367 257; x_wconf 75' lang='lat'><strong>524</strong></span> <span class='ocrx_word' id='word_1_2' title='bbox 1017 199 1370 253; x_wconf 71' lang='lat' dir='ltr'><strong>Posmlpm</strong></span> 
     </span>
    </p>
   </div>
   <div class='ocr_carea' id='block_1_2' title="bbox 261 339 2177 2009">
    <p class='ocr_par' dir='ltr' id='par_1_2' title="bbox 261 339 2177 2009">
     <span class='ocr_line' id='line_1_2' title="bbox 406 339 2114 412; baseline -0.002 -14"><span class='ocrx_word' id='word_1_3' title='bbox 406 346 705 398; x_wconf 76' lang='lat' dir='ltr'><strong>Athenaeus</strong></span> <span class='ocrx_word' id='word_1_4' title='bbox 744 345 817 397; x_wconf 82' lang='lat' dir='ltr'><strong>lx</strong></span> <span class='ocrx_word' id='word_1_5' title='bbox 864 361 915 411; x_wconf 83' lang='lat' dir='ltr'><strong>p.</strong></span> <span class='ocrx_word' id='word_1_6' title='bbox 951 343 1141 393; x_wconf 72' lang='lat'><strong>377112</strong></span> <span class='ocrx_word' id='word_1_7' title='bbox 1188 341 1284 392; x_wconf 87' lang='grc' dir='ltr'><strong>καὶ</strong></span> <span class='ocrx_word' id='word_1_8' title='bbox 1332 340 1453 410; x_wconf 82' lang='grc' dir='ltr'><strong>περὶ</strong></span> <span class='ocrx_word' id='word_1_9' title='bbox 1500 339 1685 410; x_wconf 72' lang='grc' dir='ltr'><strong>ἑτέρου</strong></span> <span class='ocrx_word' id='word_1_10' title='bbox 1729 339 1789 393; x_wconf 78' lang='grc' dir='ltr'><strong>δὲ</strong></span> <span class='ocrx_word' id='word_1_11' title='bbox 1832 339 2114 412; x_wconf 76' lang='grc' dir='ltr'><em>μαγείρου,</em></span> 
     </span>
     <span class='ocr_line' id='line_1_3' title="bbox 262 422 2114 502; baseline -0.002 -16"><span class='ocrx_word' id='word_1_12' title='bbox 262 429 440 502; x_wconf 79' lang='grc' dir='ltr'><strong>ὄνομα</strong></span> <span class='ocrx_word' id='word_1_13' title='bbox 478 431 538 484; x_wconf 76' lang='grc' dir='ltr'><strong>δέ</strong></span> <span class='ocrx_word' id='word_1_14' title='bbox 573 430 691 485; x_wconf 76' lang='grc' dir='ltr'><strong>ἐστι</strong></span> <span class='ocrx_word' id='word_1_15' title='bbox 727 427 971 494; x_wconf 76' lang='grc' dir='ltr'><strong>Σεύθης,</strong></span> <span class='ocrx_word' id='word_1_16' title='bbox 1006 424 1037 480; x_wconf 88' lang='grc' dir='ltr'>ὁ</span> <span class='ocrx_word' id='word_1_17' title='bbox 1074 425 1242 490; x_wconf 83' lang='grc' dir='ltr'><strong>αὐτός</strong></span> <span class='ocrx_word' id='word_1_18' title='bbox 1280 446 1422 496; x_wconf 81' lang='grc' dir='ltr'><em>φησι</em></span> <span class='ocrx_word' id='word_1_19' title='bbox 1458 429 1691 495; x_wconf 78' lang='grc' dir='ltr'><strong>ποιητὴς</strong></span> <span class='ocrx_word' id='word_1_20' title='bbox 1727 422 1902 492; x_wconf 86' lang='grc' dir='ltr'><strong>ου’τως</strong></span> <span class='ocrx_word' id='word_1_21' title='bbox 1931 425 2114 483; x_wconf 73' lang='grc' dir='ltr'><strong>’.ἰδιώ-</strong></span> 
     </span>
     <span class='ocr_line' id='line_1_4' title="bbox 261 510 2113 591; baseline 0.001 -17"><span class='ocrx_word' id='word_1_22' title='bbox 261 540 358 587; x_wconf 88' lang='grc' dir='ltr'><strong>της</strong></span> <span class='ocrx_word' id='word_1_23' title='bbox 392 520 562 591; x_wconf 77' lang='grc' dir='ltr'><strong>μέγας</strong></span> <span class='ocrx_word' id='word_1_24' title='bbox 595 520 708 575; x_wconf 87' lang='grc' dir='ltr'><strong>κτλ.</strong></span> <span class='ocrx_word' id='word_1_25' title='bbox 785 524 872 574; x_wconf 89' lang='grc' dir='ltr'><strong>νε.</strong></span> <span class='ocrx_word' id='word_1_26' title='bbox 895 523 923 571; x_wconf 93' lang='lat'>1</span> <span class='ocrx_word' id='word_1_27' title='bbox 963 514 1071 588; x_wconf 75' lang='grc' dir='ltr'><strong>ἔφη</strong></span> <span class='ocrx_word' id='word_1_28' title='bbox 1108 521 1247 570; x_wconf 84' lang='lat' dir='ltr'><strong>inter</strong></span> <span class='ocrx_word' id='word_1_29' title='bbox 1283 510 1503 582; x_wconf 84' lang='grc' dir='ltr'><strong>ἰδιωτης</strong></span> <span class='ocrx_word' id='word_1_30' title='bbox 1541 527 1595 572; x_wconf 80' lang='lat' dir='ltr'><strong>et</strong></span> <span class='ocrx_word' id='word_1_31' title='bbox 1628 519 1799 588; x_wconf 81' lang='grc' dir='ltr'><strong><em>μέγας</em></strong></span> <span class='ocrx_word' id='word_1_32' title='bbox 1842 523 2025 573; x_wconf 77' lang='lat' dir='ltr'><strong>inserit</strong></span> <span class='ocrx_word' id='word_1_33' title='bbox 2050 525 2113 575; x_wconf 98' lang='lat' dir='ltr'><strong>A.</strong></span> 
     </span>
     <span class='ocr_line' id='line_1_5' title="bbox 262 595 2115 676; baseline 0.005 -23"><span class='ocrx_word' id='word_1_34' title='bbox 262 643 333 653; x_wconf 74' lang='grc'><strong>...</strong></span> <span class='ocrx_word' id='word_1_35' title='bbox 371 613 462 665; x_wconf 61' lang='lat' dir='ltr'><strong>Vs</strong></span> <span class='ocrx_word' id='word_1_36' title='bbox 499 604 830 673; x_wconf 64' lang='grc' dir='ltr'><strong>εσευήθης</strong></span> <span class='ocrx_word' id='word_1_37' title='bbox 868 611 930 661; x_wconf 91' lang='lat' dir='ltr'><strong>A.</strong></span> <span class='ocrx_word' id='word_1_38' title='bbox 1005 595 1187 658; x_wconf 73' lang='grc' dir='ltr'><strong>οἶσθα</strong></span> <span class='ocrx_word' id='word_1_39' title='bbox 1238 601 1293 657; x_wconf 80' lang='grc' dir='ltr'><strong>δ’</strong></span> <span class='ocrx_word' id='word_1_40' title='bbox 1333 602 1372 656; x_wconf 80' lang='grc' dir='ltr'>ὥ</span> <span class='ocrx_word' id='word_1_41' title='bbox 1426 626 1521 676; x_wconf 81' lang='lat' dir='ltr'><strong>pro</strong></span> <span class='ocrx_word' id='word_1_42' title='bbox 1569 595 1752 660; x_wconf 74' lang='grc' dir='ltr'><strong>οἶσθα</strong></span> <span class='ocrx_word' id='word_1_43' title='bbox 1799 626 1840 659; x_wconf 86' lang='grc' dir='ltr'>ω</span> <span class='ocrx_word' id='word_1_44' title='bbox 1882 611 2115 663; x_wconf 76' lang='lat' dir='ltr'><strong>Grotius.</strong></span> 
     </span>
     <span class='ocr_line' id='line_1_6' title="bbox 263 689 2112 765; baseline -0.001 -12"><span class='ocrx_word' id='word_1_45' title='bbox 263 689 474 762; x_wconf 74' lang='grc' dir='ltr'><strong>οἶσθας</strong></span> <span class='ocrx_word' id='word_1_46' title='bbox 508 718 548 750; x_wconf 92' lang='grc' dir='ltr'><em>ω</em></span> <span class='ocrx_word' id='word_1_47' title='bbox 590 701 872 751; x_wconf 85' lang='lat' dir='ltr'><strong>Piersanus</strong></span> <span class='ocrx_word' id='word_1_48' title='bbox 909 698 973 748; x_wconf 88' lang='lat' dir='ltr'><strong>ad</strong></span> <span class='ocrx_word' id='word_1_49' title='bbox 1011 698 1181 749; x_wconf 83' lang='lat' dir='ltr'><strong>Moer.</strong></span> <span class='ocrx_word' id='word_1_50' title='bbox 1221 714 1272 765; x_wconf 81' lang='lat' dir='ltr'><strong>p.</strong></span> <span class='ocrx_word' id='word_1_51' title='bbox 1311 698 1434 749; x_wconf 79' lang='lat'><strong>283.</strong></span> <span class='ocrx_word' id='word_1_52' title='bbox 1510 728 1578 739; x_wconf 89' lang='lat'>—</span> <span class='ocrx_word' id='word_1_53' title='bbox 1634 699 1725 751; x_wconf 93' lang='lat' dir='ltr'><strong>Vs.</strong></span> <span class='ocrx_word' id='word_1_54' title='bbox 1763 699 1798 748; x_wconf 74' lang='grc'><strong>8</strong></span> <span class='ocrx_word' id='word_1_55' title='bbox 1834 692 2010 748; x_wconf 72' lang='grc' dir='ltr'><strong>οὐθὲν</strong></span> <span class='ocrx_word' id='word_1_56' title='bbox 2049 701 2112 752; x_wconf 89' lang='lat' dir='ltr'><strong>A.</strong></span> 
     </span>
     <span class='ocr_line' id='line_1_7' title="bbox 263 780 2115 850; baseline -0.004 -6"><span class='ocrx_word' id='word_1_57' title='bbox 263 821 332 833; x_wconf 91' lang='lat'><strong>—-</strong></span> <span class='ocrx_word' id='word_1_58' title='bbox 368 791 461 844; x_wconf 91' lang='lat' dir='ltr'><strong>Vs.</strong></span> <span class='ocrx_word' id='word_1_59' title='bbox 497 790 532 840; x_wconf 85' lang='lat'>5</span> <span class='ocrx_word' id='word_1_60' title='bbox 570 784 869 850; x_wconf 81' lang='grc' dir='ltr'><strong>,,ἕστηκεν,</strong></span> <span class='ocrx_word' id='word_1_61' title='bbox 915 781 978 835; x_wconf 88' lang='grc' dir='ltr'><strong>τὸ</strong></span> <span class='ocrx_word' id='word_1_62' title='bbox 1018 787 1100 837; x_wconf 88' lang='lat' dir='ltr'><strong>vel</strong></span> <span class='ocrx_word' id='word_1_63' title='bbox 1141 780 1272 846; x_wconf 86' lang='grc' dir='ltr'><em>ἔστη</em></span> <span class='ocrx_word' id='word_1_64' title='bbox 1309 784 1403 835; x_wconf 83' lang='grc' dir='ltr'><strong>καὶ</strong></span> <span class='ocrx_word' id='word_1_65' title='bbox 1440 780 1505 836; x_wconf 87' lang='grc' dir='ltr'><strong>τὸ</strong></span> <span class='ocrx_word' id='word_1_66' title='bbox 1543 787 1895 838; x_wconf 78' lang='lat' dir='ltr'><strong>casaubonus.</strong></span> <span class='ocrx_word' id='word_1_67' title='bbox 1970 787 2115 838; x_wconf 83' lang='lat' dir='ltr'><strong>Libri</strong></span> 
     </span>
     <span class='ocr_line' id='line_1_8' title="bbox 265 867 2116 941; baseline -0.002 -11"><span class='ocrx_word' id='word_1_68' title='bbox 265 876 487 941; x_wconf 82' lang='grc' dir='ltr'><strong>ἔστηκεν</strong></span> <span class='ocrx_word' id='word_1_69' title='bbox 533 873 758 941; x_wconf 80' lang='grc' dir='ltr'><strong>(ἕστηκε</strong></span> <span class='ocrx_word' id='word_1_70' title='bbox 797 878 876 938; x_wconf 89' lang='lat' dir='ltr'><strong>C)</strong></span> <span class='ocrx_word' id='word_1_71' title='bbox 925 874 1020 925; x_wconf 86' lang='grc' dir='ltr'><strong>καὶ</strong></span> <span class='ocrx_word' id='word_1_72' title='bbox 1069 867 1171 926; x_wconf 70' lang='grc' dir='ltr'><strong>τό.</strong></span> <span class='ocrx_word' id='word_1_73' title='bbox 1224 869 1460 936; x_wconf 77' lang='grc' dir='ltr'><strong>ἑστηκώς</strong></span> <span class='ocrx_word' id='word_1_74' title='bbox 1496 869 1559 924; x_wconf 84' lang='grc' dir='ltr'><strong>τὸ</strong></span> <span class='ocrx_word' id='word_1_75' title='bbox 1596 874 1953 927; x_wconf 83' lang='lat' dir='ltr'><strong>Wakefieldus</strong></span> <span class='ocrx_word' id='word_1_76' title='bbox 1990 875 2116 926; x_wconf 84' lang='lat' dir='ltr'><strong>Silv.</strong></span> 
     </span>
     <span class='ocr_line' id='line_1_9' title="bbox 263 957 2116 1034; baseline -0.003 -14"><span class='ocrx_word' id='word_1_77' title='bbox 263 970 378 1020; x_wconf 82' lang='lat' dir='ltr'><strong>crit.</strong></span> <span class='ocrx_word' id='word_1_78' title='bbox 419 967 492 1019; x_wconf 85' lang='grc' dir='ltr'><strong>ΙΙΙ</strong></span> <span class='ocrx_word' id='word_1_79' title='bbox 532 984 582 1034; x_wconf 83' lang='lat' dir='ltr'><strong>p.</strong></span> <span class='ocrx_word' id='word_1_80' title='bbox 621 966 740 1017; x_wconf 82' lang='lat'><strong>29.”</strong></span> <span class='ocrx_word' id='word_1_81' title='bbox 799 965 1125 1032; x_wconf 66' lang='lat' dir='ltr'><strong>Dindorgfius.</strong></span> <span class='ocrx_word' id='word_1_82' title='bbox 1179 995 1251 1004; x_wconf 89' lang='lat'><strong>--</strong></span> <span class='ocrx_word' id='word_1_83' title='bbox 1304 965 1395 1017; x_wconf 88' lang='lat' dir='ltr'><strong>Vs.</strong></span> <span class='ocrx_word' id='word_1_84' title='bbox 1433 965 1468 1015; x_wconf 80' lang='lat'><strong>7</strong></span> <span class='ocrx_word' id='word_1_85' title='bbox 1514 965 1697 1031; x_wconf 80' lang='lat' dir='ltr'><strong>inepte</strong></span> <span class='ocrx_word' id='word_1_86' title='bbox 1749 965 1905 1032; x_wconf 84' lang='lat' dir='ltr'><strong>vulgo</strong></span> <span class='ocrx_word' id='word_1_87' title='bbox 1954 957 2116 1014; x_wconf 82' lang='grc' dir='ltr'><strong>πίνει.</strong></span> 
     </span>
     <span class='ocr_line' id='line_1_10' title="bbox 264 1052 2114 1120; baseline -0.004 -11"><span class='ocrx_word' id='word_1_88' title='bbox 264 1059 435 1110; x_wconf 81' lang='lat' dir='ltr'><strong>Recte</strong></span> <span class='ocrx_word' id='word_1_89' title='bbox 470 1053 612 1105; x_wconf 81' lang='grc' dir='ltr'><strong>κινεῖ</strong></span> <span class='ocrx_word' id='word_1_90' title='bbox 643 1055 870 1117; x_wconf 75' lang='lat' dir='ltr'><strong>Grotius,</strong></span> <span class='ocrx_word' id='word_1_91' title='bbox 910 1054 1050 1120; x_wconf 85' lang='lat' dir='ltr'><strong>quod</strong></span> <span class='ocrx_word' id='word_1_92' title='bbox 1086 1053 1247 1105; x_wconf 84' lang='lat' dir='ltr'><strong>miror</strong></span> <span class='ocrx_word' id='word_1_93' title='bbox 1283 1055 1543 1120; x_wconf 85' lang='lat' dir='ltr'><strong>sprevisse</strong></span> <span class='ocrx_word' id='word_1_94' title='bbox 1579 1052 1919 1104; x_wconf 85' lang='lat' dir='ltr'><strong>Dindorfium.</strong></span> <span class='ocrx_word' id='word_1_95' title='bbox 1980 1053 2114 1106; x_wconf 83' lang='lat' dir='ltr'><strong>Ver-</strong></span> 
     </span>
     <span class='ocr_line' id='line_1_11' title="bbox 261 1125 2117 1208; baseline -0.004 -12"><span class='ocrx_word' id='word_1_96' title='bbox 261 1147 386 1196; x_wconf 88' lang='lat' dir='ltr'><strong>bum</strong></span> <span class='ocrx_word' id='word_1_97' title='bbox 423 1161 485 1195; x_wconf 81' lang='lat' dir='ltr'><strong>ex</strong></span> <span class='ocrx_word' id='word_1_98' title='bbox 521 1160 580 1195; x_wconf 86' lang='lat' dir='ltr'><strong>re</strong></span> <span class='ocrx_word' id='word_1_99' title='bbox 618 1143 823 1194; x_wconf 86' lang='lat' dir='ltr'><strong>militari</strong></span> <span class='ocrx_word' id='word_1_100' title='bbox 862 1143 1093 1194; x_wconf 81' lang='lat' dir='ltr'><strong>ductum.</strong></span> <span class='ocrx_word' id='word_1_101' title='bbox 1168 1141 1416 1208; x_wconf 78' lang='lat' dir='ltr'><strong>Polybius</strong></span> <span class='ocrx_word' id='word_1_102' title='bbox 1456 1141 1507 1193; x_wconf 90' lang='lat'><strong>11</strong></span> <span class='ocrx_word' id='word_1_103' title='bbox 1552 1141 1654 1192; x_wconf 75' lang='lat'><strong>54:</strong></span> <span class='ocrx_word' id='word_1_104' title='bbox 1704 1125 1880 1199; x_wconf 74' lang='grc' dir='ltr'><strong>αὖθις</strong></span> <span class='ocrx_word' id='word_1_105' title='bbox 1917 1138 1974 1190; x_wconf 77' lang='grc' dir='ltr'><strong>ἐκ</strong></span> <span class='ocrx_word' id='word_1_106' title='bbox 2010 1155 2117 1190; x_wconf 87' lang='grc' dir='ltr'><strong>πο-</strong></span> 
     </span>
     <span class='ocr_line' id='line_1_12' title="bbox 265 1222 2177 1297; baseline -0.001 -16"><span class='ocrx_word' id='word_1_107' title='bbox 265 1228 361 1292; x_wconf 84' lang='grc' dir='ltr'><strong>δὸς</strong></span> <span class='ocrx_word' id='word_1_108' title='bbox 397 1225 557 1281; x_wconf 79' lang='grc' dir='ltr'><strong>ἐκίνει</strong></span> <span class='ocrx_word' id='word_1_109' title='bbox 594 1224 926 1295; x_wconf 87' lang='grc' dir='ltr'><strong>ποιούμενος</strong></span> <span class='ocrx_word' id='word_1_110' title='bbox 962 1224 1064 1291; x_wconf 83' lang='grc' dir='ltr'><strong>τὴν</strong></span> <span class='ocrx_word' id='word_1_111' title='bbox 1101 1223 1332 1297; x_wconf 76' lang='grc' dir='ltr'><strong>πορείαν</strong></span> <span class='ocrx_word' id='word_1_112' title='bbox 1364 1222 1438 1287; x_wconf 74' lang='grc' dir='ltr'><strong>ὥς</strong></span> <span class='ocrx_word' id='word_1_113' title='bbox 1475 1222 1566 1279; x_wconf 76' lang='grc' dir='ltr'><strong>ἐπ’</strong></span> <span class='ocrx_word' id='word_1_114' title='bbox 1602 1222 1929 1297; x_wconf 79' lang='grc' dir='ltr'><strong>Ἀρκαδίας.</strong></span> <span class='ocrx_word' id='word_1_115' title='bbox 2013 1229 2117 1280; x_wconf 83' lang='lat' dir='ltr'><strong>lbi-</strong></span> <span class='ocrx_word' id='word_1_116' title='bbox 2175 1228 2177 1230; x_wconf 69' lang='grc'><strong>’</strong></span> 
     </span>
     <span class='ocr_line' id='line_1_13' title="bbox 264 1310 2118 1388; baseline -0.004 -14"><span class='ocrx_word' id='word_1_117' title='bbox 264 1321 382 1374; x_wconf 84' lang='lat' dir='ltr'><strong>dem</strong></span> <span class='ocrx_word' id='word_1_118' title='bbox 418 1311 634 1388; x_wconf 74' lang='grc' dir='ltr'><strong>ἀθρόος</strong></span> <span class='ocrx_word' id='word_1_119' title='bbox 672 1319 853 1386; x_wconf 84' lang='lat' dir='ltr'><strong>scripsi</strong></span> <span class='ocrx_word' id='word_1_120' title='bbox 892 1335 954 1370; x_wconf 85' lang='lat' dir='ltr'><strong>ex</strong></span> <span class='ocrx_word' id='word_1_121' title='bbox 991 1319 1033 1368; x_wconf 91' lang='lat' dir='ltr'><strong>B</strong></span> <span class='ocrx_word' id='word_1_122' title='bbox 1073 1334 1166 1384; x_wconf 82' lang='lat' dir='ltr'><strong>pro</strong></span> <span class='ocrx_word' id='word_1_123' title='bbox 1206 1317 1347 1368; x_wconf 82' lang='lat' dir='ltr'><strong>edito</strong></span> <span class='ocrx_word' id='word_1_124' title='bbox 1380 1310 1622 1387; x_wconf 72' lang='grc' dir='ltr'><strong>ἁθρόως.</strong></span> <span class='ocrx_word' id='word_1_125' title='bbox 1661 1346 1733 1355; x_wconf 96' lang='grc'>-</span> <span class='ocrx_word' id='word_1_126' title='bbox 1779 1318 1869 1370; x_wconf 90' lang='grc' dir='ltr'><strong>νε.</strong></span> <span class='ocrx_word' id='word_1_127' title='bbox 1909 1320 1944 1369; x_wconf 85' lang='grc'>8</span> <span class='ocrx_word' id='word_1_128' title='bbox 1981 1333 2118 1384; x_wconf 82' lang='grc' dir='ltr'><strong>προ-</strong></span> 
     </span>
     <span class='ocr_line' id='line_1_14' title="bbox 264 1401 2121 1474; baseline -0.001 -16"><span class='ocrx_word' id='word_1_129' title='bbox 264 1403 503 1471; x_wconf 79' lang='grc' dir='ltr'><strong>ηλπικώς</strong></span> <span class='ocrx_word' id='word_1_130' title='bbox 542 1407 600 1459; x_wconf 86' lang='lat' dir='ltr'><strong>C.</strong></span> <span class='ocrx_word' id='word_1_131' title='bbox 640 1401 1026 1474; x_wconf 82' lang='grc' dir='ltr'><strong>προσηλπικώς</strong></span> <span class='ocrx_word' id='word_1_132' title='bbox 1064 1405 1216 1458; x_wconf 89' lang='lat' dir='ltr'><strong>PVL.</strong></span> <span class='ocrx_word' id='word_1_133' title='bbox 1268 1436 1329 1444; x_wconf 88' lang='lat'>—</span> <span class='ocrx_word' id='word_1_134' title='bbox 1392 1407 1481 1460; x_wconf 89' lang='grc' dir='ltr'><strong>νε.</strong></span> <span class='ocrx_word' id='word_1_135' title='bbox 1520 1409 1552 1458; x_wconf 81' lang='grc'>9</span> <span class='ocrx_word' id='word_1_136' title='bbox 1601 1406 1722 1458; x_wconf 85' lang='lat' dir='ltr'><strong>libri</strong></span> <span class='ocrx_word' id='word_1_137' title='bbox 1755 1403 2121 1474; x_wconf 79' lang='grc' dir='ltr'><strong>ἐκλελυμένος,</strong></span> 
     </span>
     <span class='ocr_line' id='line_1_15' title="bbox 263 1488 2120 1565; baseline -0.001 -16"><span class='ocrx_word' id='word_1_138' title='bbox 263 1515 366 1565; x_wconf 87' lang='lat' dir='ltr'><strong>quo</strong></span> <span class='ocrx_word' id='word_1_139' title='bbox 416 1501 621 1549; x_wconf 81' lang='lat' dir='ltr'><strong>retento</strong></span> <span class='ocrx_word' id='word_1_140' title='bbox 671 1496 793 1547; x_wconf 88' lang='lat' dir='ltr'><strong>olim</strong></span> <span class='ocrx_word' id='word_1_141' title='bbox 842 1501 961 1562; x_wconf 84' lang='lat' dir='ltr'><strong>post</strong></span> <span class='ocrx_word' id='word_1_142' title='bbox 1009 1490 1216 1562; x_wconf 87' lang='grc' dir='ltr'><strong>μεστὸς</strong></span> <span class='ocrx_word' id='word_1_143' title='bbox 1261 1496 1513 1549; x_wconf 82' lang='lat' dir='ltr'><strong>addebam</strong></span> <span class='ocrx_word' id='word_1_144' title='bbox 1561 1488 1672 1559; x_wconf 72' lang='grc' dir='ltr'><strong>(ὅν,</strong></span> <span class='ocrx_word' id='word_1_145' title='bbox 1730 1497 1868 1562; x_wconf 83' lang='lat' dir='ltr'><strong>quod</strong></span> <span class='ocrx_word' id='word_1_146' title='bbox 1916 1497 2120 1563; x_wconf 84' lang='lat' dir='ltr'><strong>recepit</strong></span> 
     </span>
     <span class='ocr_line' id='line_1_16' title="bbox 265 1580 2121 1652; baseline -0.002 -12"><span class='ocrx_word' id='word_1_147' title='bbox 265 1586 586 1640; x_wconf 87' lang='lat' dir='ltr'><strong>Dindorfius.</strong></span> <span class='ocrx_word' id='word_1_148' title='bbox 657 1588 726 1639; x_wconf 86' lang='lat' dir='ltr'><strong>At</strong></span> <span class='ocrx_word' id='word_1_149' title='bbox 761 1580 1122 1652; x_wconf 76' lang='grc' dir='ltr'><strong>ἐκλελυμένος,</strong></span> <span class='ocrx_word' id='word_1_150' title='bbox 1161 1587 1270 1637; x_wconf 88' lang='lat' dir='ltr'><strong>sive</strong></span> <span class='ocrx_word' id='word_1_151' title='bbox 1307 1586 1588 1637; x_wconf 82' lang='lat' dir='ltr'><strong>exercitum</strong></span> <span class='ocrx_word' id='word_1_152' title='bbox 1627 1585 1825 1636; x_wconf 77' lang='lat' dir='ltr'><strong>viribus</strong></span> <span class='ocrx_word' id='word_1_153' title='bbox 1855 1586 2121 1651; x_wconf 79' lang='lat' dir='ltr'><strong>desectum</strong></span> 
     </span>
     <span class='ocr_line' id='line_1_17' title="bbox 264 1674 2119 1742; baseline -0.001 -14"><span class='ocrx_word' id='word_1_154' title='bbox 264 1692 359 1728; x_wconf 87' lang='lat' dir='ltr'><strong>seu</strong></span> <span class='ocrx_word' id='word_1_155' title='bbox 402 1678 557 1742; x_wconf 79' lang='lat' dir='ltr'><strong><em>famo</em></strong></span> <span class='ocrx_word' id='word_1_156' title='bbox 609 1680 849 1725; x_wconf 76' lang='lat' dir='ltr'><strong>enectum</strong></span> <span class='ocrx_word' id='word_1_157' title='bbox 899 1675 1203 1741; x_wconf 81' lang='lat' dir='ltr'><strong>intellegas,</strong></span> <span class='ocrx_word' id='word_1_158' title='bbox 1259 1675 1361 1725; x_wconf 88' lang='lat' dir='ltr'><strong>hoc</strong></span> <span class='ocrx_word' id='word_1_159' title='bbox 1414 1675 1531 1726; x_wconf 90' lang='lat' dir='ltr'><strong>loco</strong></span> <span class='ocrx_word' id='word_1_160' title='bbox 1588 1674 1717 1725; x_wconf 85' lang='lat' dir='ltr'><strong>ferri</strong></span> <span class='ocrx_word' id='word_1_161' title='bbox 1769 1691 1872 1726; x_wconf 90' lang='lat' dir='ltr'><strong>nou</strong></span> <span class='ocrx_word' id='word_1_162' title='bbox 1928 1680 2119 1742; x_wconf 81' lang='lat' dir='ltr'><strong>potest.</strong></span> 
     </span>
     <span class='ocr_line' id='line_1_18' title="bbox 263 1758 2118 1832; baseline -0.002 -15"><span class='ocrx_word' id='word_1_163' title='bbox 263 1765 459 1832; x_wconf 81' lang='lat' dir='ltr'><strong>Scripsi</strong></span> <span class='ocrx_word' id='word_1_164' title='bbox 507 1763 667 1830; x_wconf 75' lang='lat' dir='ltr'><strong>igitur</strong></span> <span class='ocrx_word' id='word_1_165' title='bbox 711 1758 1109 1828; x_wconf 73' lang='grc' dir='ltr'><strong>ἐκλελεγμένος,</strong></span> <span class='ocrx_word' id='word_1_166' title='bbox 1159 1779 1261 1829; x_wconf 89' lang='lat' dir='ltr'><strong>quo</strong></span> <span class='ocrx_word' id='word_1_167' title='bbox 1316 1762 1545 1815; x_wconf 82' lang='lat' dir='ltr'><strong>delectos</strong></span> <span class='ocrx_word' id='word_1_168' title='bbox 1589 1763 1788 1814; x_wconf 79' lang='lat' dir='ltr'><strong>milites</strong></span> <span class='ocrx_word' id='word_1_169' title='bbox 1840 1763 2118 1829; x_wconf 82' lang='lat' dir='ltr'><strong>significari</strong></span> 
     </span>
     <span class='ocr_line' id='line_1_19' title="bbox 264 1845 2118 1923; baseline -0.002 -17"><span class='ocrx_word' id='word_1_170' title='bbox 264 1859 482 1906; x_wconf 84' lang='lat' dir='ltr'><strong>constat.</strong></span> <span class='ocrx_word' id='word_1_171' title='bbox 521 1883 591 1892; x_wconf 90' lang='lat'>—</span> <span class='ocrx_word' id='word_1_172' title='bbox 612 1852 702 1906; x_wconf 89' lang='grc' dir='ltr'><strong>νε.</strong></span> <span class='ocrx_word' id='word_1_173' title='bbox 730 1852 791 1902; x_wconf 91' lang='grc'><strong>11</strong></span> <span class='ocrx_word' id='word_1_174' title='bbox 825 1845 1027 1923; x_wconf 79' lang='grc' dir='ltr'><strong>ρακίαν</strong></span> <span class='ocrx_word' id='word_1_175' title='bbox 1046 1852 1152 1903; x_wconf 90' lang='grc' dir='ltr'><strong>ΑΒ.</strong></span> <span class='ocrx_word' id='word_1_176' title='bbox 1190 1845 1418 1920; x_wconf 83' lang='grc' dir='ltr'><strong>ῥακείαν</strong></span> <span class='ocrx_word' id='word_1_177' title='bbox 1443 1851 1596 1904; x_wconf 86' lang='lat' dir='ltr'><strong>PVL.</strong></span> <span class='ocrx_word' id='word_1_178' title='bbox 1634 1845 1835 1920; x_wconf 79' lang='grc' dir='ltr'><strong>ῥαχίαν</strong></span> <span class='ocrx_word' id='word_1_179' title='bbox 1856 1851 2118 1920; x_wconf 81' lang='lat' dir='ltr'><strong>Schweig-</strong></span> 
     </span>
     <span class='ocr_line' id='line_1_20' title="bbox 261 1933 2120 2009; baseline -0.001 -17"><span class='ocrx_word' id='word_1_180' title='bbox 261 1942 563 2005; x_wconf 73' lang='lat' dir='ltr'><strong>haeuseruS,</strong></span> <span class='ocrx_word' id='word_1_181' title='bbox 601 1940 738 2008; x_wconf 85' lang='lat' dir='ltr'><strong>quod</strong></span> <span class='ocrx_word' id='word_1_182' title='bbox 776 1941 1133 2008; x_wconf 87' lang='lat' dir='ltr'><strong>recipiendum</strong></span> <span class='ocrx_word' id='word_1_183' title='bbox 1172 1938 1312 1991; x_wconf 81' lang='lat' dir='ltr'><strong>duxi.</strong></span> <span class='ocrx_word' id='word_1_184' title='bbox 1363 1942 1431 1992; x_wconf 85' lang='lat' dir='ltr'><strong>At</strong></span> <span class='ocrx_word' id='word_1_185' title='bbox 1467 1940 1605 1991; x_wconf 87' lang='lat' dir='ltr'><strong>idem</strong></span> <span class='ocrx_word' id='word_1_186' title='bbox 1641 1940 1837 1992; x_wconf 83' lang='lat' dir='ltr'><strong>frustra</strong></span> <span class='ocrx_word' id='word_1_187' title='bbox 1873 1933 2120 2009; x_wconf 75' lang='grc' dir='ltr'><strong>ἠθροισ-</strong></span> 
     </span>
    </p>
   </div>
   <div class='ocr_carea' id='block_1_3' title="bbox 260 2028 1231 2195">
    <p class='ocr_par' dir='ltr' id='par_1_3' title="bbox 260 2028 1231 2195">
     <span class='ocr_line' id='line_1_21' title="bbox 260 2028 448 2098; baseline 0.016 -19"><span class='ocrx_word' id='word_1_188' title='bbox 260 2028 448 2098; x_wconf 79' lang='grc' dir='ltr'><strong>μένου.</strong></span> 
     </span>
     <span class='ocr_line' id='line_1_22' title="bbox 1162 2143 1231 2195; baseline -0.014 0"><span class='ocrx_word' id='word_1_189' title='bbox 1162 2143 1231 2195; x_wconf 89' lang='lat'><strong>11.</strong></span> 
     </span>
    </p>
   </div>
   <div class='ocr_carea' id='block_1_4' title="bbox 511 2241 1894 2638">
    <p class='ocr_par' dir='ltr' id='par_1_4' title="bbox 511 2241 1786 2529">
     <span class='ocr_line' id='line_1_23' title="bbox 511 2241 1785 2317; baseline 0.003 -20"><span class='ocrx_word' id='word_1_190' title='bbox 511 2241 714 2308; x_wconf 82' lang='grc' dir='ltr'><strong>Ἑλλὰς</strong></span> <span class='ocrx_word' id='word_1_191' title='bbox 746 2245 849 2316; x_wconf 86' lang='grc' dir='ltr'><strong>μέν</strong></span> <span class='ocrx_word' id='word_1_192' title='bbox 884 2246 1002 2300; x_wconf 78' lang='grc' dir='ltr'><strong>ἐστι</strong></span> <span class='ocrx_word' id='word_1_193' title='bbox 1036 2244 1158 2317; x_wconf 91' lang='grc' dir='ltr'><strong>μία,</strong></span> <span class='ocrx_word' id='word_1_194' title='bbox 1196 2242 1382 2309; x_wconf 83' lang='grc' dir='ltr'><strong>πόλεις</strong></span> <span class='ocrx_word' id='word_1_195' title='bbox 1417 2245 1474 2299; x_wconf 78' lang='grc' dir='ltr'><strong>δὲ</strong></span> <span class='ocrx_word' id='word_1_196' title='bbox 1512 2244 1785 2312; x_wconf 87' lang='grc' dir='ltr'><strong>πλείονες·</strong></span> 
     </span>
     <span class='ocr_line' id='line_1_24' title="bbox 524 2348 1786 2429; baseline 0.002 -25"><span class='ocrx_word' id='word_1_197' title='bbox 524 2348 596 2405; x_wconf 76' lang='grc' dir='ltr'><strong>σὺ</strong></span> <span class='ocrx_word' id='word_1_198' title='bbox 628 2353 731 2422; x_wconf 80' lang='grc' dir='ltr'><strong>μὲν</strong></span> <span class='ocrx_word' id='word_1_199' title='bbox 766 2349 1066 2419; x_wconf 82' lang='grc' dir='ltr'><strong>ἀττικίζεις,</strong></span> <span class='ocrx_word' id='word_1_200' title='bbox 1102 2350 1251 2419; x_wconf 80' lang='grc' dir='ltr'><strong>ἡνίκ’</strong></span> <span class='ocrx_word' id='word_1_201' title='bbox 1293 2348 1364 2406; x_wconf 74' lang='grc' dir='ltr'><strong>ἂν</strong></span> <span class='ocrx_word' id='word_1_202' title='bbox 1400 2352 1594 2426; x_wconf 75' lang='grc' dir='ltr'><strong>φωνὴν</strong></span> <span class='ocrx_word' id='word_1_203' title='bbox 1628 2354 1786 2429; x_wconf 74' lang='grc' dir='ltr'><strong>λέγῃς</strong></span> 
     </span>
     <span class='ocr_line' id='line_1_25' title="bbox 518 2451 1740 2529; baseline 0.004 -20"><span class='ocrx_word' id='word_1_204' title='bbox 518 2453 693 2510; x_wconf 80' lang='grc' dir='ltr'><strong>αὑτοῦ</strong></span> <span class='ocrx_word' id='word_1_205' title='bbox 729 2454 857 2523; x_wconf 77' lang='grc' dir='ltr'><strong>τίν’,</strong></span> <span class='ocrx_word' id='word_1_206' title='bbox 895 2460 948 2511; x_wconf 88' lang='grc' dir='ltr'><strong>οἱ</strong></span> <span class='ocrx_word' id='word_1_207' title='bbox 981 2455 1039 2510; x_wconf 78' lang='grc' dir='ltr'><strong>δ’</strong></span> <span class='ocrx_word' id='word_1_208' title='bbox 1070 2451 1336 2523; x_wconf 73' lang='grc' dir='ltr'><strong>“Ἐλληνες</strong></span> <span class='ocrx_word' id='word_1_209' title='bbox 1373 2457 1740 2529; x_wconf 79' lang='grc' dir='ltr'><strong>ἑλληνίζομεν.</strong></span> 
     </span>
    </p>

    <p class='ocr_par' dir='ltr' id='par_1_5' title="bbox 519 2559 1894 2638">
     <span class='ocr_line' id='line_1_26' title="bbox 519 2559 1894 2638; baseline 0.003 -23"><span class='ocrx_word' id='word_1_210' title='bbox 519 2559 575 2615; x_wconf 83' lang='grc' dir='ltr'><strong>τί</strong></span> <span class='ocrx_word' id='word_1_211' title='bbox 611 2563 1064 2635; x_wconf 81' lang='grc' dir='ltr'><strong>προσδιατρίβων</strong></span> <span class='ocrx_word' id='word_1_212' title='bbox 1100 2564 1405 2632; x_wconf 80' lang='grc' dir='ltr'><strong>συλλαβαῖς</strong></span> <span class='ocrx_word' id='word_1_213' title='bbox 1443 2567 1536 2618; x_wconf 83' lang='grc' dir='ltr'><strong>καὶ</strong></span> <span class='ocrx_word' id='word_1_214' title='bbox 1573 2564 1894 2638; x_wconf 75' lang='grc' dir='ltr'><strong>γράμμασιν</strong></span> 
     </span>
    </p>
   </div>
   <div class='ocr_carea' id='block_1_5' title="bbox 513 2665 1595 2743">
    <p class='ocr_par' dir='ltr' id='par_1_6' title="bbox 513 2665 1595 2743">
     <span class='ocr_line' id='line_1_27' title="bbox 513 2665 1595 2743; baseline 0.003 -21"><span class='ocrx_word' id='word_1_215' title='bbox 513 2668 617 2734; x_wconf 79' lang='grc' dir='ltr'><strong>τὴν</strong></span> <span class='ocrx_word' id='word_1_216' title='bbox 653 2667 1021 2743; x_wconf 83' lang='grc' dir='ltr'><strong>εὐτραπελίαν</strong></span> <span class='ocrx_word' id='word_1_217' title='bbox 1056 2665 1133 2735; x_wconf 84' lang='grc' dir='ltr'><strong>εἰς</strong></span> <span class='ocrx_word' id='word_1_218' title='bbox 1170 2667 1378 2738; x_wconf 77' lang='grc' dir='ltr'><strong>ἀηδίαν</strong></span> <span class='ocrx_word' id='word_1_219' title='bbox 1414 2668 1595 2742; x_wconf 56' lang='lat' dir='ltr'><strong>elyas,-</strong></span> 
     </span>
    </p>
   </div>
   <div class='ocr_carea' id='block_1_6' title="bbox 266 2826 2190 3431">
    <p class='ocr_par' dir='ltr' id='par_1_7' title="bbox 266 2826 2190 3431">
     <span class='ocr_line' id='line_1_28' title="bbox 408 2826 2117 2898; baseline 0.004 -21"><span class='ocrx_word' id='word_1_220' title='bbox 408 2826 756 2880; x_wconf 80' lang='lat' dir='ltr'><strong>Dicaearchus</strong></span> <span class='ocrx_word' id='word_1_221' title='bbox 795 2830 857 2882; x_wconf 89' lang='lat' dir='ltr'><strong>V.</strong></span> <span class='ocrx_word' id='word_1_222' title='bbox 880 2830 1065 2882; x_wconf 84' lang='lat' dir='ltr'><strong>Graec.</strong></span> <span class='ocrx_word' id='word_1_223' title='bbox 1105 2830 1158 2882; x_wconf 89' lang='lat' dir='ltr'><strong>in</strong></span> <span class='ocrx_word' id='word_1_224' title='bbox 1201 2830 1438 2883; x_wconf 86' lang='lat' dir='ltr'><strong>Hudsoni</strong></span> <span class='ocrx_word' id='word_1_225' title='bbox 1476 2830 1670 2898; x_wconf 79' lang='lat' dir='ltr'><strong>Geogr.</strong></span> <span class='ocrx_word' id='word_1_226' title='bbox 1707 2830 1830 2882; x_wconf 84' lang='lat' dir='ltr'><strong>min.</strong></span> <span class='ocrx_word' id='word_1_227' title='bbox 1870 2831 2117 2898; x_wconf 80' lang='lat' dir='ltr'><strong>11p.23=</strong></span> 
     </span>
     <span class='ocr_line' id='line_1_29' title="bbox 268 2905 2120 2990; baseline 0.003 -24"><span class='ocrx_word' id='word_1_228' title='bbox 268 2905 355 2966; x_wconf 75' lang='grc' dir='ltr'><strong>ὅτι</strong></span> <span class='ocrx_word' id='word_1_229' title='bbox 393 2912 450 2965; x_wconf 82' lang='grc' dir='ltr'><strong>δὲ</strong></span> <span class='ocrx_word' id='word_1_230' title='bbox 489 2912 645 2966; x_wconf 82' lang='grc' dir='ltr'><strong>πᾶσα</strong></span> <span class='ocrx_word' id='word_1_231' title='bbox 681 2910 752 2978; x_wconf 70' lang='grc' dir='ltr'><strong>ἣν</strong></span> <span class='ocrx_word' id='word_1_232' title='bbox 777 2915 1267 2987; x_wconf 73' lang='grc' dir='ltr'><strong>κατηριθμήμεθα</strong></span> <span class='ocrx_word' id='word_1_233' title='bbox 1299 2912 1485 2980; x_wconf 81' lang='grc' dir='ltr'><strong>Ἑλλάς</strong></span> <span class='ocrx_word' id='word_1_234' title='bbox 1521 2916 1654 2981; x_wconf 79' lang='grc' dir='ltr'><strong>ἐστι,</strong></span> <span class='ocrx_word' id='word_1_235' title='bbox 1689 2919 1960 2990; x_wconf 79' lang='grc' dir='ltr'><strong>μαρτυρεῖ</strong></span> <span class='ocrx_word' id='word_1_236' title='bbox 1987 2914 2120 2987; x_wconf 78' lang='grc' dir='ltr'><strong>ἡμῖν</strong></span> 
     </span>
     <span class='ocr_line' id='line_1_30' title="bbox 266 2995 2190 3077; baseline 0.001 -21"><span class='ocrx_word' id='word_1_237' title='bbox 266 2998 298 3056; x_wconf 87' lang='grc' dir='ltr'>ὁ</span> <span class='ocrx_word' id='word_1_238' title='bbox 339 3001 448 3054; x_wconf 74' lang='grc' dir='ltr'><strong>τῶν</strong></span> <span class='ocrx_word' id='word_1_239' title='bbox 483 3002 783 3076; x_wconf 82' lang='grc' dir='ltr'><strong>κωμωδιῶν</strong></span> <span class='ocrx_word' id='word_1_240' title='bbox 820 3003 1052 3071; x_wconf 81' lang='grc' dir='ltr'><strong>ποιητὴς</strong></span> <span class='ocrx_word' id='word_1_241' title='bbox 1089 3003 1500 3071; x_wconf 82' lang='grc' dir='ltr'><strong>Ποσείδιππος,</strong></span> <span class='ocrx_word' id='word_1_242' title='bbox 1534 2995 1888 3077; x_wconf 74' lang='grc' dir='ltr'><strong>μεμφόμενος</strong></span> <span class='ocrx_word' id='word_1_243' title='bbox 1920 3002 2117 3071; x_wconf 73' lang='grc' dir='ltr'><strong>Ἀθη·</strong></span> <span class='ocrx_word' id='word_1_244' title='bbox 2187 3035 2190 3075; x_wconf 67' lang='lat'><em>3</em></span> 
     </span>
     <span class='ocr_line' id='line_1_31' title="bbox 268 3084 2116 3167; baseline 0.001 -22"><span class='ocrx_word' id='word_1_245' title='bbox 268 3088 445 3154; x_wconf 81' lang='grc' dir='ltr'><strong>ναίοις</strong></span> <span class='ocrx_word' id='word_1_246' title='bbox 493 3084 581 3145; x_wconf 77' lang='grc' dir='ltr'><strong>ὅτι</strong></span> <span class='ocrx_word' id='word_1_247' title='bbox 629 3089 731 3158; x_wconf 87' lang='grc' dir='ltr'><strong>τὴν</strong></span> <span class='ocrx_word' id='word_1_248' title='bbox 776 3089 962 3147; x_wconf 83' lang='grc' dir='ltr'><strong>αὑτων</strong></span> <span class='ocrx_word' id='word_1_249' title='bbox 1007 3093 1200 3165; x_wconf 78' lang='grc' dir='ltr'><strong>φωνὴν</strong></span> <span class='ocrx_word' id='word_1_250' title='bbox 1236 3096 1331 3148; x_wconf 87' lang='grc' dir='ltr'><strong>καὶ</strong></span> <span class='ocrx_word' id='word_1_251' title='bbox 1366 3094 1469 3160; x_wconf 79' lang='grc' dir='ltr'><strong>τὴν</strong></span> <span class='ocrx_word' id='word_1_252' title='bbox 1504 3092 1670 3149; x_wconf 87' lang='grc' dir='ltr'><strong>πόλιν</strong></span> <span class='ocrx_word' id='word_1_253' title='bbox 1706 3095 1884 3167; x_wconf 84' lang='grc' dir='ltr'><strong>φασὶν</strong></span> <span class='ocrx_word' id='word_1_254' title='bbox 1914 3090 2116 3147; x_wconf 71' lang='grc' dir='ltr'><strong>“Ελλοὲ-</strong></span> 
     </span>
     <span class='ocr_line' id='line_1_32' title="bbox 269 3168 2117 3253; baseline 0.003 -20"><span class='ocrx_word' id='word_1_255' title='bbox 269 3180 365 3244; x_wconf 87' lang='grc' dir='ltr'><strong>δος</strong></span> <span class='ocrx_word' id='word_1_256' title='bbox 401 3168 560 3244; x_wconf 82' lang='grc' dir='ltr'><strong>εἶναι,</strong></span> <span class='ocrx_word' id='word_1_257' title='bbox 597 3181 766 3251; x_wconf 75' lang='grc' dir='ltr'><strong>λέγων</strong></span> <span class='ocrx_word' id='word_1_258' title='bbox 802 3174 974 3246; x_wconf 72' lang='grc' dir='ltr'><strong>οὕτως</strong></span> <span class='ocrx_word' id='word_1_259' title='bbox 1008 3179 1208 3247; x_wconf 70' lang='grc' dir='ltr'><strong>“Ελλὰς</strong></span> <span class='ocrx_word' id='word_1_260' title='bbox 1242 3185 1344 3253; x_wconf 87' lang='grc' dir='ltr'><strong>μέν</strong></span> <span class='ocrx_word' id='word_1_261' title='bbox 1379 3185 1496 3238; x_wconf 80' lang='grc' dir='ltr'><strong>ἐστι</strong></span> <span class='ocrx_word' id='word_1_262' title='bbox 1532 3184 1646 3238; x_wconf 87' lang='grc' dir='ltr'><strong>κτλ.</strong></span> <span class='ocrx_word' id='word_1_263' title='bbox 1683 3182 1818 3253; x_wconf 86' lang='grc' dir='ltr'><strong>πρὸς</strong></span> <span class='ocrx_word' id='word_1_264' title='bbox 1853 3186 1955 3253; x_wconf 78' lang='grc' dir='ltr'><strong>μὲν</strong></span> <span class='ocrx_word' id='word_1_265' title='bbox 1991 3183 2117 3246; x_wconf 80' lang='grc' dir='ltr'><strong>τοὺς</strong></span> 
     </span>
     <span class='ocr_line' id='line_1_33' title="bbox 268 3261 2187 3342; baseline 0.002 -20"><span class='ocrx_word' id='word_1_266' title='bbox 268 3264 369 3338; x_wconf 79' lang='grc' dir='ltr'><strong>οὐχ</strong></span> <span class='ocrx_word' id='word_1_267' title='bbox 423 3265 924 3339; x_wconf 80' lang='grc' dir='ltr'><strong>ὑπολαμβάνοντας</strong></span> <span class='ocrx_word' id='word_1_268' title='bbox 969 3261 1114 3325; x_wconf 82' lang='grc' dir='ltr'><strong>εἶναι</strong></span> <span class='ocrx_word' id='word_1_269' title='bbox 1164 3269 1267 3338; x_wconf 82' lang='grc' dir='ltr'><strong>τὴν</strong></span> <span class='ocrx_word' id='word_1_270' title='bbox 1324 3271 1634 3326; x_wconf 81' lang='grc' dir='ltr'><strong>Θετταλίαν</strong></span> <span class='ocrx_word' id='word_1_271' title='bbox 1683 3272 1778 3338; x_wconf 81' lang='grc' dir='ltr'><strong>τῆς</strong></span> <span class='ocrx_word' id='word_1_272' title='bbox 1826 3268 2115 3337; x_wconf 73' lang='grc' dir='ltr'><strong>“Ελλαδος,</strong></span> <span class='ocrx_word' id='word_1_273' title='bbox 2184 3292 2187 3342; x_wconf 61' lang='lat' dir='ltr'>s</span> 
     </span>
     <span class='ocr_line' id='line_1_34' title="bbox 270 3353 2185 3431; baseline 0.003 -21"><span class='ocrx_word' id='word_1_274' title='bbox 270 3353 399 3411; x_wconf 81' lang='grc' dir='ltr'><strong>οὐδὲ</strong></span> <span class='ocrx_word' id='word_1_275' title='bbox 439 3355 563 3421; x_wconf 78' lang='grc' dir='ltr'><strong>τοὺς</strong></span> <span class='ocrx_word' id='word_1_276' title='bbox 605 3356 970 3426; x_wconf 75' lang='grc' dir='ltr'><strong>Θετταλούς,“</strong></span> <span class='ocrx_word' id='word_1_277' title='bbox 973 3354 1228 3427; x_wconf 80' lang='grc' dir='ltr'><strong>Έλληνας</strong></span> <span class='ocrx_word' id='word_1_278' title='bbox 1264 3357 1571 3431; x_wconf 74' lang='grc' dir='ltr'><strong>ἀπογόνους</strong></span> <span class='ocrx_word' id='word_1_279' title='bbox 1607 3357 1787 3426; x_wconf 82' lang='grc' dir='ltr'><strong>ὄντας,</strong></span> <span class='ocrx_word' id='word_1_280' title='bbox 1824 3358 2115 3428; x_wconf 76' lang='grc' dir='ltr'><strong>ἑλληνίζειν</strong></span> <span class='ocrx_word' id='word_1_281' title='bbox 2184 3423 2185 3427; x_wconf 13' lang='lat'>¹</span> 
     </span>
    </p>
   </div>
   <div class='ocr_carea' id='block_1_7' title="bbox 270 3445 2116 3524">
    <p class='ocr_par' dir='ltr' id='par_1_8' title="bbox 270 3445 2116 3524">
     <span class='ocr_line' id='line_1_35' title="bbox 270 3445 2116 3524; baseline 0.004 -25"><span class='ocrx_word' id='word_1_282' title='bbox 270 3445 361 3500; x_wconf 74' lang='grc' dir='ltr'><strong>ἐπὶ</strong></span> <span class='ocrx_word' id='word_1_283' title='bbox 398 3445 666 3502; x_wconf 87' lang='grc' dir='ltr'><strong>τοσοῦτον</strong></span> <span class='ocrx_word' id='word_1_284' title='bbox 701 3445 969 3523; x_wconf 76' lang='grc' dir='ltr'><strong>εἰρήσθω.</strong></span> <span class='ocrx_word' id='word_1_285' title='bbox 1046 3454 1368 3520; x_wconf 85' lang='lat' dir='ltr'><strong>„Thessalus</strong></span> <span class='ocrx_word' id='word_1_286' title='bbox 1406 3455 1619 3524; x_wconf 77' lang='lat' dir='ltr'><strong>aliquis,</strong></span> <span class='ocrx_word' id='word_1_287' title='bbox 1669 3458 1724 3506; x_wconf 82' lang='lat' dir='ltr'><strong>ut</strong></span> <span class='ocrx_word' id='word_1_288' title='bbox 1770 3459 2015 3523; x_wconf 83' lang='lat' dir='ltr'><strong>apparet,</strong></span> <span class='ocrx_word' id='word_1_289' title='bbox 2065 3455 2116 3507; x_wconf 86' lang='lat' dir='ltr'><strong>in</strong></span> 
     </span>
    </p>
   </div>
   <div class='ocr_carea' id='block_1_8' title="bbox 2178 2600 2202 3918">
    <p class='ocr_par' dir='ltr' id='par_1_9' title="bbox 2178 2600 2202 3918">
     <span class='ocr_line' id='line_1_36' title="bbox 2178 2600 2202 3918; baseline 0 0"><span class='ocrx_word' id='word_1_290' title='bbox 2178 2600 2202 3918; x_wconf 95' lang='lat' dir='ltr'><strong> </strong></span> 
     </span>
    </p>
   </div>
  </div>
 </body>
</html>
