2202 3918
791 863 877 937 M
973 864 1052 938 A
1149 861 1216 938 O
1315 864 1398 937 H
1498 862 1591 937 Ο.

879 996 1055 1061 (nist.
1095 996 1211 1049 crit.
1250 1013 1303 1064 p.
1341 997 1488 1062 478)

849 1297 1531 1353 ΑΓΝΟΙΑ.

499 1434 721 1495 “Ἠδιον
757 1441 920 1496 οὐδέν
956 1440 1074 1496 ἐστι’
1109 1459 1207 1512 μοι
1245 1439 1342 1506 τῆς
1378 1435 1646 1517 ματτύης,

506 1543 664 1601 τοῦτ’
703 1547 810 1602 εἴτε
847 1547 1055 1620 πρῶτοι
1092 1543 1417 1611 Μακεδόνες
1453 1548 1567 1610 τοῖς
1600 1544 1874 1611 Ἀττικοῖς

508 1655 828 1722 κατέδειξαν
863 1651 1013 1726 ἡμῖν,
1051 1653 1157 1707 εἴτε
1194 1651 1395 1717 πάντες
1430 1653 1486 1707 οἱ
1521 1650 1672 1719 θεοί,

507 1756 607 1814 οὐκ
644 1751 802 1815 οἶδα·
841 1759 987 1828 πλήν
1022 1757 1077 1831 y’
1118 1753 1207 1815 ὅτι
1241 1758 1659 1832 μουσικωτάτου
1694 1758 1859 1824 τινός.
1898 1775 1910 1783 ·

401 1890 704 1943 Athenaeus
739 1892 864 1945 XIV
900 1911 951 1960 p.
989 1894 1093 1943 664
1116 1911 1162 1946 a.
1203 1893 1270 1944 de
1309 1901 1527 1962 mastya,
1576 1895 1940 1946 delicatissimo
1979 1892 2108 1945 edu-

257 1981 359 2043 lio,
409 1978 698 2031 disserens.
744 1975 968 2042 ἐποιησε
1007 1977 1066 2029 δὲ
1101 1979 1195 2030 καὶ
1234 1968 1395 2041 οὗτος
1431 1983 1736 2046 (Machon)
1773 1977 1832 2029 εν
1868 1971 2112 2049 δράματι

252 2062 495 2137 Ἀγνοὶα
530 2062 693 2116 ταυτί
717 2057 938 2118 ‘'Hdcov
973 2061 1136 2123 οὐδέν
1171 2066 1285 2119 κτλ.
1358 2071 1448 2124 Vs.
1468 2071 1503 2121 3
1538 2065 1859 2133 κατέδειξαν
1895 2071 1956 2121 L.
2008 2070 2112 2121 Ge·

257 2158 360 2209 teri
396 2151 783 2219 κατεδίδαξαν.
840 2187 909 2196 -
963 2157 1052 2210 Vs.
1092 2158 1128 2209 4
1164 2152 1309 2220 πλήν
1345 2151 1403 2224 y'
1445 2147 1532 2209 ὅτι
1568 2158 2110 2225 Schweighaeuserun.
2186 2180 2192 2211 5

258 2246 404 2311 Libri
454 2239 598 2306 πλὴν
647 2239 764 2294 ἔστι
799 2260 875 2309 γε.
962 2245 1091 2297 Post
1135 2240 1553 2313 μουσικωτάτου
1602 2261 1750 2322 τινος
1795 2247 2111 2314 sequebatur
2180 2239 2189 2273 Γ

257 2333 482 2384 fortasse
527 2325 682 2382 τοῦτ’
732 2329 886 2383 ἐστὶν
929 2324 1122 2401 εὕρημ’
1174 2327 1404 2402 ἀνδρός,
1459 2336 1543 2386 vel
1589 2328 1859 2403 εὑρήματ’
1908 2327 2111 2403 ἀνδρός
2175 2330 2180 2343 ”

255 2418 391 2472 ἐστι.
441 2422 691 2472 Ceterum
730 2421 869 2486 quod
905 2421 967 2485 is,
1004 2436 1157 2486 quem
1196 2421 1327 2473 haee
1364 2423 1664 2488 loquentem
1701 2423 1900 2473 induxit
1927 2427 2109 2490 poeta,
2183 2430 2186 2435 '

257 2510 382 2561 dicit
429 2508 543 2567 τοῖς
593 2501 874 2568 Ἀττικοῖς
919 2502 1106 2574 ἡμῖν,
1154 2510 1210 2560 id
1258 2526 1361 2562 non
1408 2515 1663 2577 repugnat
1709 2510 1756 2560 ei
1792 2511 1931 2576 quod
1968 2511 2108 2564 nist.

255 2599 371 2667 erit.
409 2598 583 2664 p.479
622 2613 685 2648 ex
721 2598 992 2650 Athenaeo
1029 2598 1209 2661 attuli,
1246 2613 1349 2649 non
1388 2598 1609 2650 Athenis
1646 2598 1977 2662 Machonem,
2014 2600 2109 2652 sed

256 2685 600 2738 Alexandriae
636 2685 839 2738 fabulas
876 2701 994 2738 suas
1032 2686 1289 2738 docuisse.
1328 2686 1506 2738 Potuit
1544 2687 1680 2738 enim
1717 2691 1872 2754 poeta
1907 2687 1961 2740 in
1986 2688 2108 2742 Ale-

254 2774 503 2828 xandrino
542 2774 748 2827 theatro
784 2775 1013 2827 Atticum
1049 2775 1313 2827 hominem
1350 2775 1648 2842 loquentem
1681 2775 1943 2828 inducere.

833 3069 1540 3122 EHJETOAH:

500 3206 841 3281 Ὀψοφάγος
878 3205 1010 3281 εἶμί.
1048 3210 1211 3272 τοῦτο
1249 3208 1307 3264 δ’
1347 3209 1466 3264 ἐστὶ
1504 3209 1599 3290 τῆς
1636 3209 1823 3278 τέχνης

508 3316 767 3384 θεμέλιος
803 3314 955 3386 ἡμῖν.
993 3318 1493 3389 προσπεπονθέναι
1531 3336 1584 3371 τι
1621 3317 1707 3370 δεῖ

507 3420 608 3474 τὸν
641 3421 717 3493 μὴ
755 3422 824 3475 τὰ
862 3424 1258 3494 παρατεθέντα
1296 3420 1728 3494 λυμανούμενον.
