2202 3918
194 172 197 179 ’
257 201 362 252 498
758 194 1128 248 MAcl-loms
1169 191 1607 248 ΕΠΙΣΤΟΛΗ.

258 333 572 410 ἀναρμόσῃ,
604 330 788 404 ὥσπερ
824 335 872 388 λ,
909 330 1138 385 ἐπίτεινέ
1178 331 1238 402 γ’
1281 335 1377 399 ἕως
1414 332 1484 389 ἂν
1516 335 1648 402 ἡδὺς
1686 325 2113 411 q‘1.Accuratius

260 433 429 481 locum
458 429 681 480 intuenti
709 434 760 478 et
787 425 1185 491 comparationis
1222 427 1320 476 vim
1349 429 1719 496 contemplanti
1756 446 1857 480 non
1899 429 2113 480 dubium

260 518 425 570 videri
446 522 637 584 potest,
677 515 798 581 quin
826 514 982 565 verba
1006 513 1077 564 ita
1102 515 1422 566 emendanda
1457 517 1560 567 sint
1597 524 1653 567 ut
1690 533 1845 585 supra
1885 518 2111 568 exhibui.

260 607 324 659 V.
366 605 592 657 Praefat.
642 604 708 653 ad
746 601 1021 654 Menandri
1058 601 1245 669 fragm.
1285 622 1332 671 p.
1372 603 1511 655 XIX.
1583 635 1652 644 —-
1726 605 1815 657 Vs·
1858 607 1925 655 10
1977 600 2113 675 dou?

260 695 538 745 Iacobsins.
591 695 632 744 A
671 687 854 751 δοκῆς.
899 690 1034 742 PVL
1073 686 1235 742 δοκεῖ.
1294 724 1363 733 —
1420 693 1508 744 Vs.
1552 692 1615 741 ll
1656 687 1839 757 εἴσαγε
1876 689 1969 742 διὰ
2006 710 2117 743 πα-

261 779 390 834 σῶν.
434 784 491 833 In
529 797 625 832 usu
662 779 1003 829 formularum
1040 795 1105 830 ex
1144 784 1254 831 arte
1281 781 1473 831 musica
1511 781 1576 830 ad
1614 785 1776 831 artem
1816 781 2116 832 culinariam

261 873 622 923 translatarum
670 867 900 940 imitatus
937 883 1054 918 esse
1092 869 1297 920 videtur
1333 870 1686 920 Damoxenum
1723 869 1896 936 Syntr.
1933 868 2003 919 55
2040 885 2118 934 sq.

263 959 360 1011 cn·
395 958 742 1011 Athenionem
781 956 1103 1009 Samothrac.
1132 958 1217 1008 31.
1266 958 1403 1008 Tum
1440 953 1764 1026 Νικολᾷδας
1800 957 2117 1008 Dindorfius.

262 1047 405 1098 Libri
442 1041 805 1104 Νικολαΐδας.
891 1044 997 1095 Sed
1046 1062 1298 1111 quaenam
1345 1047 1447 1098 sint
1491 1048 1626 1097 istae
1665 1046 1960 1097 Nicolaides
1998 1045 2116 1110 My-

262 1136 443 1185 coniae
481 1151 633 1184 nemo
670 1134 842 1183 adhuc
879 1132 1087 1195 docuit,
1126 1151 1433 1199 quamquam
1471 1134 1612 1184 haud
1649 1133 2004 1199 improbabilis
2039 1136 2118 1182 est

265 1222 556 1273 Casauboni
606 1221 831 1287 suspicio
872 1221 938 1271 de
975 1222 1336 1272 meretricibus
1373 1223 1424 1273 in
1463 1223 1754 1273 convivium
1804 1218 2120 1270 adducendis

263 1312 352 1362 hic
400 1311 499 1377 agi.
587 1311 695 1362 Nec
732 1311 798 1361 de
837 1311 1062 1361 lectione
1097 1316 1328 1371 constat,
1378 1311 1633 1376 siquidem
1675 1325 1770 1377 pro
1813 1301 2119 1366 Μυκονίας,

263 1406 323 1451 ut
360 1398 694 1450 casaubonus
733 1414 828 1465 pro
869 1393 1171 1457 Μυκωνίας
1206 1398 1386 1461 edidit,
1427 1400 1578 1451 codd.
1600 1400 1794 1450 habent
1816 1388 2116 1455 Mvaedmog.

268 1488 450 1553 ltaque
502 1488 669 1553 possis
733 1486 921 1537 eodem
959 1488 1075 1539 iure
1114 1482 1433 1548 Νικολάδας
1473 1482 1791 1544 Μυκονίους
1828 1486 1910 1535 vel
1947 1482 2120 1535 Νικο-

269 1570 450 1625 λάόαν
473 1563 774 1626 Μυκόνιον.
831 1575 1107 1626 Nicoladas
1145 1576 1284 1626 haud
1319 1576 1625 1642 infrequens
1663 1574 1759 1625 viri
1796 1591 1983 1625 nomen
2022 1579 2117 1625 est.

268 1665 518 1718 Ceterum
568 1664 849 1730 perdignus
904 1671 1192 1715 memoratu
1240 1665 1324 1715 hic
1374 1680 1553 1716 versus
1603 1668 1681 1714 est
1730 1668 1944 1729 propter
1995 1678 2118 1714 ana·

268 1753 435 1820 paesti
483 1765 600 1802 cum
650 1751 856 1817 dactylo
903 1751 1335 1806 coniunctionem.
1410 1754 1570 1805 Cuius
1620 1753 1699 1802 rei
1750 1766 1882 1816 quae
1930 1751 2118 1816 passim

272 1841 606 1907 reperiuntur
644 1840 898 1905 exempla,
938 1841 1212 1893 emendata
1250 1849 1371 1893 sunt
1408 1843 1489 1893 vel
1528 1839 1791 1893 emendari
1830 1839 2020 1890 debent
2055 1839 2119 1889 ad

272 1944 431 1979 unum
469 1929 665 1989 omnia3
704 1927 975 1978 Machonis
1013 1933 1185 1981 autem
1224 1946 1406 1982 versus
1443 1946 1648 1982 omnem
1687 1927 1994 1980 emendandi
2032 1943 2119 1978 co-

271 2023 446 2067 natum
485 2015 821 2083 pertinaciter
856 2016 1071 2083 respuit.
