<?xml version="1.0" encoding="UTF-8"?>
<!DOCTYPE html PUBLIC "-//W3C//DTD XHTML 1.0 Transitional//EN"
    "http://www.w3.org/TR/xhtml1/DTD/xhtml1-transitional.dtd">
<html xmlns="http://www.w3.org/1999/xhtml" xml:lang="en" lang="en">
 <head>
  <title>
</title>
<meta http-equiv="Content-Type" content="text/html;charset=utf-8" />
  <meta name='ocr-system' content='tesseract 3.04.00' />
  <meta name='ocr-capabilities' content='ocr_page ocr_carea ocr_par ocr_line ocrx_word'/>
</head>
<body>
  <div class='ocr_page' id='page_1' title='image "./fragmentacomicor04meinuoft_0648.png"; bbox 0 0 2202 3918; ppageno 0'>
   <div class='ocr_carea' id='block_1_1' title="bbox 251 209 1393 267">
    <p class='ocr_par' dir='ltr' id='par_1_1' title="bbox 251 209 1393 267">
     <span class='ocr_line' id='line_1_1' title="bbox 251 209 1393 267; baseline -0.002 -2"><span class='ocrx_word' id='word_1_1' title='bbox 251 215 354 267; x_wconf 80' lang='lat'><em>626</em></span> <span class='ocrx_word' id='word_1_2' title='bbox 944 209 1393 263; x_wconf 77' lang='lat' dir='ltr'><strong>FRAGMENTA</strong></span> 
     </span>
    </p>
   </div>
   <div class='ocr_carea' id='block_1_2' title="bbox 182 345 2107 1040">
    <p class='ocr_par' dir='ltr' id='par_1_2' title="bbox 182 345 2107 1040">
     <span class='ocr_line' id='line_1_2' title="bbox 249 345 2102 419; baseline -0.001 -14"><span class='ocrx_word' id='word_1_3' title='bbox 249 348 626 419; x_wconf 76' lang='grc' dir='ltr'><em>παθήματος,</em></span> <span class='ocrx_word' id='word_1_4' title='bbox 678 345 751 411; x_wconf 81' lang='grc' dir='ltr'><em>ὠς</em></span> <span class='ocrx_word' id='word_1_5' title='bbox 797 348 966 411; x_wconf 81' lang='grc' dir='ltr'><em>δῆλον</em></span> <span class='ocrx_word' id='word_1_6' title='bbox 1014 347 1070 400; x_wconf 78' lang='grc' dir='ltr'><em>ἐκ</em></span> <span class='ocrx_word' id='word_1_7' title='bbox 1122 348 1219 400; x_wconf 86' lang='grc' dir='ltr'><em>τοῦ</em></span> <span class='ocrx_word' id='word_1_8' title='bbox 1270 346 1372 413; x_wconf 81' lang='grc' dir='ltr'><em>Μὴ</em></span> <span class='ocrx_word' id='word_1_9' title='bbox 1422 347 1754 418; x_wconf 73' lang='grc' dir='ltr'><em>καταγελᾶτε</em></span> <span class='ocrx_word' id='word_1_10' title='bbox 1804 350 1918 412; x_wconf 85' lang='grc' dir='ltr'><em>τοῖς</em></span> <span class='ocrx_word' id='word_1_11' title='bbox 1952 348 2102 415; x_wconf 75' lang='grc' dir='ltr'><em>ἐμοῖς</em></span> 
     </span>
     <span class='ocr_line' id='line_1_3' title="bbox 182 435 2101 508; baseline 0.002 -19"><span class='ocrx_word' id='word_1_12' title='bbox 182 484 185 489; x_wconf 83' lang='grc'><em>,</em></span> <span class='ocrx_word' id='word_1_13' title='bbox 251 435 637 506; x_wconf 69' lang='grc' dir='ltr'><em>παθημάτοις.</em></span> <span class='ocrx_word' id='word_1_14' title='bbox 687 441 805 492; x_wconf 74' lang='lat' dir='ltr'><em>Non</em></span> <span class='ocrx_word' id='word_1_15' title='bbox 845 439 1024 489; x_wconf 82' lang='lat' dir='ltr'><strong>dubito</strong></span> <span class='ocrx_word' id='word_1_16' title='bbox 1063 439 1184 504; x_wconf 89' lang='lat' dir='ltr'><strong>quin</strong></span> <span class='ocrx_word' id='word_1_17' title='bbox 1224 440 1410 490; x_wconf 84' lang='lat' dir='ltr'><strong>comici</strong></span> <span class='ocrx_word' id='word_1_18' title='bbox 1449 446 1635 507; x_wconf 82' lang='lat' dir='ltr'><strong>poetae</strong></span> <span class='ocrx_word' id='word_1_19' title='bbox 1673 457 1857 493; x_wconf 85' lang='lat' dir='ltr'><strong>versus</strong></span> <span class='ocrx_word' id='word_1_20' title='bbox 1892 443 1976 505; x_wconf 86' lang='lat' dir='ltr'><strong>sit,</strong></span> <span class='ocrx_word' id='word_1_21' title='bbox 2014 443 2101 508; x_wconf 85' lang='lat' dir='ltr'><em>qui</em></span> 
     </span>
     <span class='ocr_line' id='line_1_4' title="bbox 252 527 2103 598; baseline -0.002 -15"><span class='ocrx_word' id='word_1_22' title='bbox 252 533 342 583; x_wconf 82' lang='lat' dir='ltr'><strong>illa</strong></span> <span class='ocrx_word' id='word_1_23' title='bbox 391 531 635 584; x_wconf 84' lang='lat' dir='ltr'><strong>Aetolum</strong></span> <span class='ocrx_word' id='word_1_24' title='bbox 687 528 949 578; x_wconf 83' lang='lat' dir='ltr'><strong>hominem</strong></span> <span class='ocrx_word' id='word_1_25' title='bbox 998 527 1269 578; x_wconf 46' lang='lat' dir='ltr'><strong>dicentem*</strong></span> <span class='ocrx_word' id='word_1_26' title='bbox 1309 529 1600 582; x_wconf 74' lang='lat' dir='ltr'><strong>induxerat.</strong></span> <span class='ocrx_word' id='word_1_27' title='bbox 1687 531 1921 598; x_wconf 81' lang='lat' dir='ltr'><strong>Respicit</strong></span> <span class='ocrx_word' id='word_1_28' title='bbox 1970 530 2103 580; x_wconf 80' lang='lat' dir='ltr'><strong>haee</strong></span> 
     </span>
     <span class='ocr_line' id='line_1_5' title="bbox 254 610 2105 682; baseline -0.003 -11"><span class='ocrx_word' id='word_1_29' title='bbox 254 621 442 671; x_wconf 81' lang='lat' dir='ltr'><strong>iterum</strong></span> <span class='ocrx_word' id='word_1_30' title='bbox 481 617 785 670; x_wconf 82' lang='lat' dir='ltr'><strong>Eustathius</strong></span> <span class='ocrx_word' id='word_1_31' title='bbox 820 633 873 682; x_wconf 88' lang='lat' dir='ltr'><em>p.</em></span> <span class='ocrx_word' id='word_1_32' title='bbox 915 616 1048 666; x_wconf 84' lang='lat'>1761</span> <span class='ocrx_word' id='word_1_33' title='bbox 1091 615 1187 665; x_wconf 80' lang='lat'><em>35:</em></span> <span class='ocrx_word' id='word_1_34' title='bbox 1242 611 1393 681; x_wconf 82' lang='grc' dir='ltr'><em>παρὰ</em></span> <span class='ocrx_word' id='word_1_35' title='bbox 1437 613 1550 676; x_wconf 85' lang='grc' dir='ltr'><em>τοῖς</em></span> <span class='ocrx_word' id='word_1_36' title='bbox 1585 610 1857 678; x_wconf 80' lang='grc' dir='ltr'><em>Αἰτωλοῖς</em></span> <span class='ocrx_word' id='word_1_37' title='bbox 1889 613 1953 668; x_wconf 87' lang='grc' dir='ltr'><em>τὸ</em></span> <span class='ocrx_word' id='word_1_38' title='bbox 1991 615 2105 677; x_wconf 82' lang='grc' dir='ltr'><em>τοῖς</em></span> 
     </span>
     <span class='ocr_line' id='line_1_6' title="bbox 254 693 2103 774; baseline -0.003 -17"><span class='ocrx_word' id='word_1_39' title='bbox 254 704 475 774; x_wconf 85' lang='grc' dir='ltr'><em>γέρουσι</em></span> <span class='ocrx_word' id='word_1_40' title='bbox 525 698 797 772; x_wconf 79' lang='grc' dir='ltr'><em>γερόντοις</em></span> <span class='ocrx_word' id='word_1_41' title='bbox 845 696 1137 769; x_wconf 73' lang='grc' dir='ltr'><em>φράζεται,</em></span> <span class='ocrx_word' id='word_1_42' title='bbox 1187 693 1309 753; x_wconf 80' lang='grc' dir='ltr'><em>οἷον</em></span> <span class='ocrx_word' id='word_1_43' title='bbox 1349 701 1652 764; x_wconf 83' lang='grc' dir='ltr'><em>Μιλασίοις</em></span> <span class='ocrx_word' id='word_1_44' title='bbox 1687 701 1781 754; x_wconf 89' lang='grc' dir='ltr'><em>καὶ</em></span> <span class='ocrx_word' id='word_1_45' title='bbox 1818 701 1938 762; x_wconf 85' lang='grc' dir='ltr'><em>ταῖς</em></span> <span class='ocrx_word' id='word_1_46' title='bbox 1974 717 2103 752; x_wconf 82' lang='grc' dir='ltr'><em>συν-</em></span> 
     </span>
     <span class='ocr_line' id='line_1_7' title="bbox 256 782 2105 862; baseline -0.004 -17"><span class='ocrx_word' id='word_1_47' title='bbox 256 789 473 862; x_wconf 79' lang='grc' dir='ltr'><em>αρχίαις</em></span> <span class='ocrx_word' id='word_1_48' title='bbox 509 792 602 843; x_wconf 89' lang='grc' dir='ltr'><em>καὶ</em></span> <span class='ocrx_word' id='word_1_49' title='bbox 642 789 754 849; x_wconf 75' lang='grc' dir='ltr'><em>τοῖς</em></span> <span class='ocrx_word' id='word_1_50' title='bbox 791 784 1090 858; x_wconf 83' lang='grc' dir='ltr'><em>γερόντοις,</em></span> <span class='ocrx_word' id='word_1_51' title='bbox 1143 790 1235 841; x_wconf 86' lang='grc' dir='ltr'><em>καὶ</em></span> <span class='ocrx_word' id='word_1_52' title='bbox 1274 787 1336 841; x_wconf 86' lang='grc' dir='ltr'><em>τὸ</em></span> <span class='ocrx_word' id='word_1_53' title='bbox 1374 786 1686 858; x_wconf 76' lang='grc' dir='ltr'><em>παθήμασι</em></span> <span class='ocrx_word' id='word_1_54' title='bbox 1724 782 2105 856; x_wconf 75' lang='grc' dir='ltr'><em>παθημάτοις.</em></span> 
     </span>
     <span class='ocr_line' id='line_1_8' title="bbox 255 873 2107 947; baseline -0.005 -12"><span class='ocrx_word' id='word_1_55' title='bbox 255 883 502 936; x_wconf 84' lang='lat' dir='ltr'><strong>Eiusdem</strong></span> <span class='ocrx_word' id='word_1_56' title='bbox 537 880 806 932; x_wconf 81' lang='lat' dir='ltr'><strong>commatis</strong></span> <span class='ocrx_word' id='word_1_57' title='bbox 851 884 931 930; x_wconf 89' lang='lat' dir='ltr'><em>est</em></span> <span class='ocrx_word' id='word_1_58' title='bbox 970 881 1109 945; x_wconf 84' lang='lat' dir='ltr'><strong>quod</strong></span> <span class='ocrx_word' id='word_1_59' title='bbox 1144 881 1284 931; x_wconf 86' lang='lat' dir='ltr'><strong>idem</strong></span> <span class='ocrx_word' id='word_1_60' title='bbox 1323 898 1385 947; x_wconf 53' lang='lat' dir='ltr'><em>p.&gt;</em></span> <span class='ocrx_word' id='word_1_61' title='bbox 1410 882 1513 932; x_wconf 89' lang='grc'><em>677</em></span> <span class='ocrx_word' id='word_1_62' title='bbox 1551 883 1621 932; x_wconf 78' lang='grc'><em>23</em></span> <span class='ocrx_word' id='word_1_63' title='bbox 1658 882 1811 932; x_wconf 81' lang='lat' dir='ltr'><strong>affert</strong></span> <span class='ocrx_word' id='word_1_64' title='bbox 1844 873 2107 946; x_wconf 84' lang='grc' dir='ltr'><em>μηλάτων</em></span> 
     </span>
     <span class='ocr_line' id='line_1_9' title="bbox 255 962 2107 1040; baseline -0.004 -18"><span class='ocrx_word' id='word_1_65' title='bbox 255 989 350 1040; x_wconf 86' lang='lat' dir='ltr'><em>pro</em></span> <span class='ocrx_word' id='word_1_66' title='bbox 391 963 597 1038; x_wconf 81' lang='grc' dir='ltr'><em>μήλων.</em></span> <span class='ocrx_word' id='word_1_67' title='bbox 674 968 767 1018; x_wconf 84' lang='lat' dir='ltr'><em>Cfr</em></span> <span class='ocrx_word' id='word_1_68' title='bbox 805 969 1097 1019; x_wconf 87' lang='lat' dir='ltr'><strong>Lobeckius</strong></span> <span class='ocrx_word' id='word_1_69' title='bbox 1136 969 1357 1036; x_wconf 83' lang='lat' dir='ltr'><em>Paralip.</em></span> <span class='ocrx_word' id='word_1_70' title='bbox 1397 986 1447 1035; x_wconf 91' lang='lat' dir='ltr'><em>p.</em></span> <span class='ocrx_word' id='word_1_71' title='bbox 1489 971 1609 1022; x_wconf 89' lang='grc'><em>176.</em></span> <span class='ocrx_word' id='word_1_72' title='bbox 1685 970 1761 1020; x_wconf 88' lang='lat' dir='ltr'><em>De</em></span> <span class='ocrx_word' id='word_1_73' title='bbox 1796 962 2107 1033; x_wconf 76' lang='grc' dir='ltr'><em>καταγελᾶν</em></span> 
     </span>
    </p>
   </div>
   <div class='ocr_carea' id='block_1_3' title="bbox 256 1055 2105 1200">
    <p class='ocr_par' dir='ltr' id='par_1_3' title="bbox 256 1055 2105 1200">
     <span class='ocr_line' id='line_1_10' title="bbox 256 1055 2105 1124; baseline -0.003 -13"><span class='ocrx_word' id='word_1_74' title='bbox 256 1060 617 1124; x_wconf 80' lang='lat' dir='ltr'><strong>similibusque</strong></span> <span class='ocrx_word' id='word_1_75' title='bbox 663 1057 820 1108; x_wconf 84' lang='lat' dir='ltr'><strong>tertio</strong></span> <span class='ocrx_word' id='word_1_76' title='bbox 870 1073 993 1108; x_wconf 86' lang='lat' dir='ltr'><strong>casu</strong></span> <span class='ocrx_word' id='word_1_77' title='bbox 1029 1057 1318 1108; x_wconf 80' lang='lat' dir='ltr'><strong>coniunctis</strong></span> <span class='ocrx_word' id='word_1_78' title='bbox 1357 1075 1403 1110; x_wconf 85' lang='lat' dir='ltr'><em>v.</em></span> <span class='ocrx_word' id='word_1_79' title='bbox 1443 1058 1760 1110; x_wconf 84' lang='lat' dir='ltr'><strong>Lobeckium</strong></span> <span class='ocrx_word' id='word_1_80' title='bbox 1797 1058 1863 1109; x_wconf 81' lang='lat' dir='ltr'><em>ad</em></span> <span class='ocrx_word' id='word_1_81' title='bbox 1900 1055 2105 1123; x_wconf 84' lang='lat' dir='ltr'><strong>Sopho-</strong></span> 
     </span>
     <span class='ocr_line' id='line_1_11' title="bbox 257 1144 694 1200; baseline -0.007 -1"><span class='ocrx_word' id='word_1_82' title='bbox 257 1148 353 1199; x_wconf 80' lang='lat' dir='ltr'><strong>clis</strong></span> <span class='ocrx_word' id='word_1_83' title='bbox 390 1147 533 1200; x_wconf 85' lang='lat' dir='ltr'><strong>Aiac.</strong></span> <span class='ocrx_word' id='word_1_84' title='bbox 573 1144 694 1196; x_wconf 83' lang='lat'>151.</span> 
     </span>
    </p>
   </div>
   <div class='ocr_carea' id='block_1_4' title="bbox 1057 1246 1312 1302">
    <p class='ocr_par' dir='ltr' id='par_1_4' title="bbox 1057 1246 1312 1302">
     <span class='ocr_line' id='line_1_12' title="bbox 1057 1246 1312 1302; baseline 0.012 -5"><span class='ocrx_word' id='word_1_85' title='bbox 1057 1246 1312 1302; x_wconf 86' lang='lat' dir='ltr'><strong>LXXXV.</strong></span> 
     </span>
    </p>
   </div>
   <div class='ocr_carea' id='block_1_5' title="bbox 258 1343 2108 1512">
    <p class='ocr_par' dir='ltr' id='par_1_5' title="bbox 258 1343 2108 1512">
     <span class='ocr_line' id='line_1_13' title="bbox 284 1343 2108 1426; baseline -0.002 -17"><span class='ocrx_word' id='word_1_86' title='bbox 284 1373 294 1378; x_wconf 78' lang='lat'><strong>·</strong></span> <span class='ocrx_word' id='word_1_87' title='bbox 396 1357 704 1410; x_wconf 76' lang='lat' dir='ltr'><strong>Eustathius</strong></span> <span class='ocrx_word' id='word_1_88' title='bbox 744 1373 793 1422; x_wconf 88' lang='lat' dir='ltr'><em>p.</em></span> <span class='ocrx_word' id='word_1_89' title='bbox 830 1354 936 1405; x_wconf 83' lang='lat'><em>565</em></span> <span class='ocrx_word' id='word_1_90' title='bbox 973 1353 1075 1403; x_wconf 79' lang='lat'><em>31:</em></span> <span class='ocrx_word' id='word_1_91' title='bbox 1123 1346 1304 1403; x_wconf 81' lang='grc' dir='ltr'><em>ἰστέον</em></span> <span class='ocrx_word' id='word_1_92' title='bbox 1350 1353 1443 1404; x_wconf 83' lang='grc' dir='ltr'><em>καὶ</em></span> <span class='ocrx_word' id='word_1_93' title='bbox 1491 1343 1578 1404; x_wconf 78' lang='grc' dir='ltr'><em>ὅτι</em></span> <span class='ocrx_word' id='word_1_94' title='bbox 1623 1352 1913 1426; x_wconf 80' lang='grc' dir='ltr'><em>κωμῳδίας</em></span> <span class='ocrx_word' id='word_1_95' title='bbox 1963 1353 2108 1408; x_wconf 76' lang='grc' dir='ltr'><em>ἴδιον</em></span> 
     </span>
     <span class='ocr_line' id='line_1_14' title="bbox 258 1434 1908 1512; baseline -0.001 -14"><span class='ocrx_word' id='word_1_96' title='bbox 258 1440 648 1508; x_wconf 80' lang='grc' dir='ltr'><em>παππίζειν</em></span> <span class='ocrx_word' id='word_1_97' title='bbox 686 1439 779 1494; x_wconf 83' lang='grc' dir='ltr'><em>διὰ</em></span> <span class='ocrx_word' id='word_1_98' title='bbox 818 1441 917 1492; x_wconf 85' lang='grc' dir='ltr'><em>τοῦ</em></span> <span class='ocrx_word' id='word_1_99' title='bbox 955 1459 975 1491; x_wconf 88' lang='grc' dir='ltr'><em>ι</em></span> <span class='ocrx_word' id='word_1_100' title='bbox 1013 1437 1074 1490; x_wconf 89' lang='grc' dir='ltr'><em>τὸ</em></span> <span class='ocrx_word' id='word_1_101' title='bbox 1112 1436 1256 1493; x_wconf 75' lang='grc' dir='ltr'><em>καθ’</em></span> <span class='ocrx_word' id='word_1_102' title='bbox 1287 1434 1546 1512; x_wconf 66' lang='grc' dir='ltr'><em>“’()μηρον</em></span> <span class='ocrx_word' id='word_1_103' title='bbox 1582 1442 1908 1509; x_wconf 82' lang='grc' dir='ltr'><em>παππάζειν.</em></span> 
     </span>
    </p>
   </div>
   <div class='ocr_carea' id='block_1_6' title="bbox 1041 1599 1326 1652">
    <p class='ocr_par' dir='ltr' id='par_1_6' title="bbox 1041 1599 1326 1652">
     <span class='ocr_line' id='line_1_15' title="bbox 1041 1599 1326 1652; baseline 0.011 -4"><span class='ocrx_word' id='word_1_104' title='bbox 1041 1599 1326 1652; x_wconf 83' lang='lat' dir='ltr'><strong>LXXXVI.</strong></span> 
     </span>
    </p>
   </div>
   <div class='ocr_carea' id='block_1_7' title="bbox 242 1699 2108 2038">
    <p class='ocr_par' dir='ltr' id='par_1_7' title="bbox 242 1699 2108 2038">
     <span class='ocr_line' id='line_1_16' title="bbox 397 1699 2108 1775; baseline 0.001 -18"><span class='ocrx_word' id='word_1_105' title='bbox 397 1705 708 1757; x_wconf 62' lang='lat' dir='ltr'><strong>Eustachius</strong></span> <span class='ocrx_word' id='word_1_106' title='bbox 748 1722 798 1771; x_wconf 88' lang='lat' dir='ltr'><em>p.</em></span> <span class='ocrx_word' id='word_1_107' title='bbox 837 1703 941 1754; x_wconf 81' lang='grc'><em>537</em></span> <span class='ocrx_word' id='word_1_108' title='bbox 982 1705 1081 1754; x_wconf 80' lang='lat'><em>39:</em></span> <span class='ocrx_word' id='word_1_109' title='bbox 1136 1701 1288 1772; x_wconf 77' lang='grc' dir='ltr'><em>παρὰ</em></span> <span class='ocrx_word' id='word_1_110' title='bbox 1323 1700 1384 1754; x_wconf 88' lang='grc' dir='ltr'><em>τὸ</em></span> <span class='ocrx_word' id='word_1_111' title='bbox 1423 1702 1550 1754; x_wconf 82' lang='grc' dir='ltr'><em>δέον</em></span> <span class='ocrx_word' id='word_1_112' title='bbox 1586 1699 1976 1775; x_wconf 77' lang='grc' dir='ltr'><em>ἀνελεύθερος,</em></span> <span class='ocrx_word' id='word_1_113' title='bbox 2014 1707 2108 1759; x_wconf 83' lang='grc' dir='ltr'><em>καὶ</em></span> 
     </span>
     <span class='ocr_line' id='line_1_17' title="bbox 257 1787 2107 1861; baseline 0.001 -17"><span class='ocrx_word' id='word_1_114' title='bbox 257 1790 396 1844; x_wconf 81' lang='grc' dir='ltr'><em>κατὰ</em></span> <span class='ocrx_word' id='word_1_115' title='bbox 448 1788 692 1842; x_wconf 86' lang='grc' dir='ltr'><em>παλαιὸν</em></span> <span class='ocrx_word' id='word_1_116' title='bbox 740 1787 1036 1861; x_wconf 77' lang='grc' dir='ltr'><em>κωμῳδίαν</em></span> <span class='ocrx_word' id='word_1_117' title='bbox 1084 1787 1369 1858; x_wconf 52' lang='grc' dir='ltr'><em>φἐιδός,</em></span> <span class='ocrx_word' id='word_1_118' title='bbox 1417 1787 1587 1858; x_wconf 84' lang='grc' dir='ltr'><em>ἤγουν</em></span> <span class='ocrx_word' id='word_1_119' title='bbox 1625 1791 1894 1860; x_wconf 71' lang='grc' dir='ltr'><em>φειδωλὸς</em></span> <span class='ocrx_word' id='word_1_120' title='bbox 1929 1791 2107 1846; x_wconf 81' lang='grc' dir='ltr'><em>δαπά-</em></span> 
     </span>
     <span class='ocr_line' id='line_1_18' title="bbox 258 1874 2108 1952; baseline 0.003 -21"><span class='ocrx_word' id='word_1_121' title='bbox 258 1899 379 1944; x_wconf 83' lang='grc' dir='ltr'><em>νης,</em></span> <span class='ocrx_word' id='word_1_122' title='bbox 420 1876 450 1931; x_wconf 84' lang='grc' dir='ltr'><em>ὁ</em></span> <span class='ocrx_word' id='word_1_123' title='bbox 490 1874 807 1946; x_wconf 77' lang='grc' dir='ltr'><em>Πάνδαρος.</em></span> <span class='ocrx_word' id='word_1_124' title='bbox 890 1880 1035 1931; x_wconf 82' lang='lat' dir='ltr'><strong>Idem</strong></span> <span class='ocrx_word' id='word_1_125' title='bbox 1076 1899 1126 1946; x_wconf 86' lang='lat' dir='ltr'><em>p.</em></span> <span class='ocrx_word' id='word_1_126' title='bbox 1167 1883 1305 1932; x_wconf 84' lang='lat'>1828</span> <span class='ocrx_word' id='word_1_127' title='bbox 1345 1883 1444 1932; x_wconf 73' lang='lat'><em>122</em></span> <span class='ocrx_word' id='word_1_128' title='bbox 1494 1881 1586 1931; x_wconf 84' lang='grc' dir='ltr'><em>καὶ</em></span> <span class='ocrx_word' id='word_1_129' title='bbox 1627 1880 1901 1950; x_wconf 65' lang='grc' dir='ltr'><em>φειὸός,</em></span> <span class='ocrx_word' id='word_1_130' title='bbox 1937 1878 2108 1952; x_wconf 83' lang='grc' dir='ltr'><em>ἤγουν</em></span> 
     </span>
     <span class='ocr_line' id='line_1_19' title="bbox 242 1962 1390 2038; baseline 0 -19"><span class='ocrx_word' id='word_1_131' title='bbox 242 1963 542 2038; x_wconf 68' lang='grc' dir='ltr'><em>φειδωλός,</em></span> <span class='ocrx_word' id='word_1_132' title='bbox 580 1963 675 2016; x_wconf 81' lang='grc' dir='ltr'><em>διὰ</em></span> <span class='ocrx_word' id='word_1_133' title='bbox 712 1965 774 2017; x_wconf 88' lang='grc' dir='ltr'><em>τὸ</em></span> <span class='ocrx_word' id='word_1_134' title='bbox 812 1962 1120 2034; x_wconf 76' lang='grc' dir='ltr'><em>φείδεσθαι</em></span> <span class='ocrx_word' id='word_1_135' title='bbox 1157 1965 1390 2020; x_wconf 78' lang='grc' dir='ltr'><em>πολλῶν.</em></span> 
     </span>
    </p>
   </div>
   <div class='ocr_carea' id='block_1_8' title="bbox 1030 2124 1339 2178">
    <p class='ocr_par' dir='ltr' id='par_1_8' title="bbox 1030 2124 1339 2178">
     <span class='ocr_line' id='line_1_20' title="bbox 1030 2124 1339 2178; baseline -0.003 -3"><span class='ocrx_word' id='word_1_136' title='bbox 1030 2124 1339 2178; x_wconf 79' lang='lat' dir='ltr'><strong>Lxxxvu.</strong></span> 
     </span>
    </p>
   </div>
   <div class='ocr_carea' id='block_1_9' title="bbox 258 2225 2108 2477">
    <p class='ocr_par' dir='ltr' id='par_1_9' title="bbox 258 2225 2108 2477">
     <span class='ocr_line' id='line_1_21' title="bbox 405 2225 2108 2301; baseline -0.003 -17"><span class='ocrx_word' id='word_1_137' title='bbox 405 2231 707 2284; x_wconf 76' lang='lat' dir='ltr'><strong>Eustathius</strong></span> <span class='ocrx_word' id='word_1_138' title='bbox 749 2247 799 2297; x_wconf 90' lang='lat' dir='ltr'><em>p.</em></span> <span class='ocrx_word' id='word_1_139' title='bbox 836 2230 943 2281; x_wconf 79' lang='lat'><em>584</em></span> <span class='ocrx_word' id='word_1_140' title='bbox 983 2232 1078 2282; x_wconf 79' lang='lat'><em>28:</em></span> <span class='ocrx_word' id='word_1_141' title='bbox 1117 2225 1518 2299; x_wconf 74' lang='grc' dir='ltr'><em>ξυλοκύμβη</em></span> <span class='ocrx_word' id='word_1_142' title='bbox 1557 2227 1620 2281; x_wconf 84' lang='grc' dir='ltr'><em>τὸ</em></span> <span class='ocrx_word' id='word_1_143' title='bbox 1658 2229 1920 2300; x_wconf 78' lang='grc' dir='ltr'><em>σκῶμμα,</em></span> <span class='ocrx_word' id='word_1_144' title='bbox 1956 2228 2108 2301; x_wconf 80' lang='grc' dir='ltr'><em>λεγό-</em></span> 
     </span>
     <span class='ocr_line' id='line_1_22' title="bbox 258 2309 2107 2392; baseline 0.002 -22"><span class='ocrx_word' id='word_1_145' title='bbox 258 2335 426 2388; x_wconf 82' lang='grc' dir='ltr'><em>μενον</em></span> <span class='ocrx_word' id='word_1_146' title='bbox 461 2317 551 2369; x_wconf 84' lang='grc' dir='ltr'><em>ἐπὶ</em></span> <span class='ocrx_word' id='word_1_147' title='bbox 588 2315 887 2384; x_wconf 78' lang='grc' dir='ltr'><em>γυναικῶν,</em></span> <span class='ocrx_word' id='word_1_148' title='bbox 938 2309 1027 2378; x_wconf 81' lang='grc' dir='ltr'><em>αἷς</em></span> <span class='ocrx_word' id='word_1_149' title='bbox 1076 2313 1200 2369; x_wconf 75' lang='grc' dir='ltr'><em>οὔτε</em></span> <span class='ocrx_word' id='word_1_150' title='bbox 1236 2315 1433 2382; x_wconf 81' lang='grc' dir='ltr'><em>κάλλος</em></span> <span class='ocrx_word' id='word_1_151' title='bbox 1468 2319 1715 2372; x_wconf 73' lang='grc' dir='ltr'><em>ἐπανθεῖ</em></span> <span class='ocrx_word' id='word_1_152' title='bbox 1742 2317 1866 2372; x_wconf 80' lang='grc' dir='ltr'><em>οὔτε</em></span> <span class='ocrx_word' id='word_1_153' title='bbox 1902 2317 2107 2392; x_wconf 83' lang='grc' dir='ltr'><em>σύμμε-</em></span> 
     </span>
     <span class='ocr_line' id='line_1_23' title="bbox 258 2404 682 2477; baseline -0.007 -19"><span class='ocrx_word' id='word_1_154' title='bbox 258 2424 389 2477; x_wconf 88' lang='grc' dir='ltr'><em>τρον</em></span> <span class='ocrx_word' id='word_1_155' title='bbox 424 2404 682 2475; x_wconf 78' lang='grc' dir='ltr'><em>μέγεθος.</em></span> 
     </span>
    </p>
   </div>
   <div class='ocr_carea' id='block_1_10' title="bbox 1024 2511 1357 2566">
    <p class='ocr_par' dir='ltr' id='par_1_10' title="bbox 1024 2511 1357 2566">
     <span class='ocr_line' id='line_1_24' title="bbox 1024 2511 1357 2566; baseline 0.009 -4"><span class='ocrx_word' id='word_1_156' title='bbox 1024 2511 1357 2566; x_wconf 82' lang='lat' dir='ltr'><strong>Lxxxvm.</strong></span> 
     </span>
    </p>
   </div>
   <div class='ocr_carea' id='block_1_11' title="bbox 262 2615 2202 2778">
    <p class='ocr_par' dir='ltr' id='par_1_11' title="bbox 262 2615 2202 2778">
     <span class='ocr_line' id='line_1_25' title="bbox 399 2615 2202 2686; baseline 0.001 -14"><span class='ocrx_word' id='word_1_157' title='bbox 399 2617 707 2672; x_wconf 82' lang='lat' dir='ltr'><strong>Eustathius</strong></span> <span class='ocrx_word' id='word_1_158' title='bbox 745 2635 795 2685; x_wconf 86' lang='lat' dir='ltr'><em>p.</em></span> <span class='ocrx_word' id='word_1_159' title='bbox 834 2616 940 2667; x_wconf 81' lang='lat'><em>725</em></span> <span class='ocrx_word' id='word_1_160' title='bbox 978 2618 1076 2668; x_wconf 80' lang='lat'><em>32:</em></span> <span class='ocrx_word' id='word_1_161' title='bbox 1130 2615 1284 2686; x_wconf 72' lang='grc' dir='ltr'><em>φέρει</em></span> <span class='ocrx_word' id='word_1_162' title='bbox 1321 2617 1380 2669; x_wconf 75' lang='grc' dir='ltr'><em>δὲ</em></span> <span class='ocrx_word' id='word_1_163' title='bbox 1415 2618 1509 2670; x_wconf 84' lang='grc' dir='ltr'><em>καὶ</em></span> <span class='ocrx_word' id='word_1_164' title='bbox 1547 2623 1765 2685; x_wconf 79' lang='lat' dir='ltr'><strong>(auctor</strong></span> <span class='ocrx_word' id='word_1_165' title='bbox 1800 2622 1950 2672; x_wconf 82' lang='lat' dir='ltr'><strong>lexiei</strong></span> <span class='ocrx_word' id='word_1_166' title='bbox 1986 2622 2110 2674; x_wconf 84' lang='lat' dir='ltr'><strong>rhe-</strong></span> <span class='ocrx_word' id='word_1_167' title='bbox 2201 2679 2202 2685; x_wconf 16' lang='lat'>¹</span> 
     </span>
     <span class='ocr_line' id='line_1_26' title="bbox 262 2700 2202 2778; baseline -0.002 -17"><span class='ocrx_word' id='word_1_168' title='bbox 262 2709 451 2774; x_wconf 77' lang='lat' dir='ltr'><strong>torici)</strong></span> <span class='ocrx_word' id='word_1_169' title='bbox 488 2701 600 2756; x_wconf 79' lang='grc' dir='ltr'><em>ἀπὸ</em></span> <span class='ocrx_word' id='word_1_170' title='bbox 631 2700 875 2773; x_wconf 81' lang='grc' dir='ltr'><em>χρήσεως</em></span> <span class='ocrx_word' id='word_1_171' title='bbox 911 2701 1010 2754; x_wconf 86' lang='grc' dir='ltr'><em>τοῦ</em></span> <span class='ocrx_word' id='word_1_172' title='bbox 1055 2703 1298 2773; x_wconf 82' lang='grc' dir='ltr'><em>κωμικοῦ</em></span> <span class='ocrx_word' id='word_1_173' title='bbox 1346 2703 1410 2758; x_wconf 87' lang='grc' dir='ltr'><em>τὸ</em></span> <span class='ocrx_word' id='word_1_174' title='bbox 1458 2704 1907 2775; x_wconf 83' lang='grc' dir='ltr'><em>παλίμβολος</em></span> <span class='ocrx_word' id='word_1_175' title='bbox 1954 2704 2110 2778; x_wconf 88' lang='grc' dir='ltr'><em>τρί-</em></span> <span class='ocrx_word' id='word_1_176' title='bbox 2200 2702 2202 2711; x_wconf 68' lang='grc'>’</span> 
     </span>
    </p>
   </div>
   <div class='ocr_carea' id='block_1_12' title="bbox 262 2787 2193 2955">
    <p class='ocr_par' dir='ltr' id='par_1_12' title="bbox 262 2787 2193 2955">
     <span class='ocr_line' id='line_1_27' title="bbox 263 2787 2193 2869; baseline 0.003 -23"><span class='ocrx_word' id='word_1_177' title='bbox 263 2812 521 2865; x_wconf 84' lang='grc' dir='ltr'><em>πρατος</em></span> <span class='ocrx_word' id='word_1_178' title='bbox 570 2794 662 2844; x_wconf 87' lang='grc' dir='ltr'><em>καὶ</em></span> <span class='ocrx_word' id='word_1_179' title='bbox 713 2787 973 2853; x_wconf 81' lang='grc' dir='ltr'><em>πολλάκις</em></span> <span class='ocrx_word' id='word_1_180' title='bbox 1018 2788 1505 2862; x_wconf 80' lang='grc' dir='ltr'><em>ἂπημπολημένος.</em></span> <span class='ocrx_word' id='word_1_181' title='bbox 1581 2798 1688 2850; x_wconf 86' lang='lat' dir='ltr'><em>Sed</em></span> <span class='ocrx_word' id='word_1_182' title='bbox 1725 2797 1854 2849; x_wconf 82' lang='lat' dir='ltr'><strong>haec</strong></span> <span class='ocrx_word' id='word_1_183' title='bbox 1888 2790 2112 2851; x_wconf 81' lang='lat' dir='ltr'><strong>fortasse</strong></span> <span class='ocrx_word' id='word_1_184' title='bbox 2191 2824 2193 2869; x_wconf 64' lang='lat' dir='ltr'><em>g</em></span> 
     </span>
     <span class='ocr_line' id='line_1_28' title="bbox 262 2880 2068 2955; baseline 0.002 -20"><span class='ocrx_word' id='word_1_185' title='bbox 262 2885 454 2936; x_wconf 76' lang='lat' dir='ltr'><strong>rectius</strong></span> <span class='ocrx_word' id='word_1_186' title='bbox 492 2884 558 2936; x_wconf 81' lang='lat' dir='ltr'><em>ad</em></span> <span class='ocrx_word' id='word_1_187' title='bbox 596 2883 944 2935; x_wconf 83' lang='lat' dir='ltr'><strong>Menandrum</strong></span> <span class='ocrx_word' id='word_1_188' title='bbox 981 2882 1301 2947; x_wconf 78' lang='lat' dir='ltr'><strong>referuntur,</strong></span> <span class='ocrx_word' id='word_1_189' title='bbox 1340 2901 1495 2952; x_wconf 90' lang='lat' dir='ltr'><strong>quem</strong></span> <span class='ocrx_word' id='word_1_190' title='bbox 1532 2887 1651 2939; x_wconf 88' lang='lat' dir='ltr'><strong>vide</strong></span> <span class='ocrx_word' id='word_1_191' title='bbox 1689 2905 1740 2955; x_wconf 87' lang='lat' dir='ltr'><em>p.</em></span> <span class='ocrx_word' id='word_1_192' title='bbox 1779 2888 1900 2939; x_wconf 81' lang='lat'><strong>201.</strong></span> <span class='ocrx_word' id='word_1_193' title='bbox 2065 2880 2068 2882; x_wconf 45' lang='grc'><strong>’</strong></span> 
     </span>
    </p>
   </div>
   <div class='ocr_carea' id='block_1_13' title="bbox 586 3039 1800 3217">
    <p class='ocr_par' dir='ltr' id='par_1_13' title="bbox 586 3039 1800 3217">
     <span class='ocr_line' id='line_1_29' title="bbox 1049 3039 1330 3091; baseline 0.007 -2"><span class='ocrx_word' id='word_1_194' title='bbox 1049 3039 1330 3091; x_wconf 83' lang='lat' dir='ltr'><strong>LXXXIX.</strong></span> 
     </span>
     <span class='ocr_line' id='line_1_30' title="bbox 586 3134 1800 3217; baseline 0.003 -23"><span class='ocrx_word' id='word_1_195' title='bbox 586 3142 753 3194; x_wconf 87' lang='grc' dir='ltr'><em>Λυοῖν</em></span> <span class='ocrx_word' id='word_1_196' title='bbox 790 3145 1072 3210; x_wconf 86' lang='grc' dir='ltr'><em>γυναικοῖν</em></span> <span class='ocrx_word' id='word_1_197' title='bbox 1108 3134 1184 3205; x_wconf 78' lang='grc' dir='ltr'><em>εἷς</em></span> <span class='ocrx_word' id='word_1_198' title='bbox 1221 3140 1362 3215; x_wconf 80' lang='grc' dir='ltr'><em>ἀνὴρ</em></span> <span class='ocrx_word' id='word_1_199' title='bbox 1398 3141 1464 3197; x_wconf 84' lang='grc' dir='ltr'><em>οὐ</em></span> <span class='ocrx_word' id='word_1_200' title='bbox 1503 3146 1800 3217; x_wconf 79' lang='grc' dir='ltr'><em>στέργεται.</em></span> 
     </span>
    </p>
   </div>
   <div class='ocr_carea' id='block_1_14' title="bbox 260 3216 2185 3491">
    <p class='ocr_par' dir='ltr' id='par_1_14' title="bbox 2183 3216 2185 3235">
     <span class='ocr_line' id='line_1_31' title="bbox 2183 3216 2185 3235; baseline 0 0"><span class='ocrx_word' id='word_1_201' title='bbox 2183 3216 2185 3235; x_wconf 65' lang='lat' dir='ltr'><em>A</em></span> 
     </span>
    </p>

    <p class='ocr_par' dir='ltr' id='par_1_15' title="bbox 405 3243 2185 3317">
     <span class='ocr_line' id='line_1_32' title="bbox 405 3243 2185 3317; baseline 0.002 -16"><span class='ocrx_word' id='word_1_202' title='bbox 405 3250 709 3301; x_wconf 75' lang='lat' dir='ltr'><strong>Eustathius</strong></span> <span class='ocrx_word' id='word_1_203' title='bbox 749 3269 797 3317; x_wconf 86' lang='lat' dir='ltr'><em>p.</em></span> <span class='ocrx_word' id='word_1_204' title='bbox 820 3253 927 3304; x_wconf 79' lang='lat'><em>8⁰2</em></span> <span class='ocrx_word' id='word_1_205' title='bbox 961 3253 1067 3302; x_wconf 80' lang='lat'><em>34:</em></span> <span class='ocrx_word' id='word_1_206' title='bbox 1105 3249 1243 3317; x_wconf 81' lang='grc' dir='ltr'><em>λέγει</em></span> <span class='ocrx_word' id='word_1_207' title='bbox 1282 3250 1339 3302; x_wconf 80' lang='grc' dir='ltr'><em>δὲ</em></span> <span class='ocrx_word' id='word_1_208' title='bbox 1377 3249 1441 3303; x_wconf 87' lang='grc' dir='ltr'><em>τὸ</em></span> <span class='ocrx_word' id='word_1_209' title='bbox 1479 3247 1617 3304; x_wconf 81' lang='grc' dir='ltr'><em>αὐτὸ</em></span> <span class='ocrx_word' id='word_1_210' title='bbox 1655 3250 1864 3317; x_wconf 78' lang='grc' dir='ltr'><em>λεξικὸν</em></span> <span class='ocrx_word' id='word_1_211' title='bbox 1897 3251 1990 3303; x_wconf 89' lang='grc' dir='ltr'><em>καὶ</em></span> <span class='ocrx_word' id='word_1_212' title='bbox 2028 3243 2112 3305; x_wconf 81' lang='grc' dir='ltr'><em>ὅτι</em></span> <span class='ocrx_word' id='word_1_213' title='bbox 2178 3245 2185 3283; x_wconf 52' lang='grc'><em>9</em></span> 
     </span>
    </p>

    <p class='ocr_par' dir='ltr' id='par_1_16' title="bbox 260 3331 2183 3491">
     <span class='ocr_line' id='line_1_33' title="bbox 262 3331 2183 3410; baseline 0.003 -23"><span class='ocrx_word' id='word_1_214' title='bbox 262 3332 326 3387; x_wconf 88' lang='grc' dir='ltr'><em>τὸ</em></span> <span class='ocrx_word' id='word_1_215' title='bbox 375 3333 532 3387; x_wconf 84' lang='grc' dir='ltr'><em>δυοῖν</em></span> <span class='ocrx_word' id='word_1_216' title='bbox 574 3337 668 3387; x_wconf 86' lang='grc' dir='ltr'><em>καὶ</em></span> <span class='ocrx_word' id='word_1_217' title='bbox 714 3336 804 3389; x_wconf 80' lang='grc' dir='ltr'><em>ἐπὶ</em></span> <span class='ocrx_word' id='word_1_218' title='bbox 852 3337 1070 3402; x_wconf 78' lang='grc' dir='ltr'><em>δοτικῆς</em></span> <span class='ocrx_word' id='word_1_219' title='bbox 1118 3337 1269 3409; x_wconf 80' lang='grc' dir='ltr'><em>παρὰ</em></span> <span class='ocrx_word' id='word_1_220' title='bbox 1318 3341 1430 3401; x_wconf 83' lang='grc' dir='ltr'><em>τοῖς</em></span> <span class='ocrx_word' id='word_1_221' title='bbox 1484 3335 1791 3404; x_wconf 79' lang='grc' dir='ltr'><em>Ἀττικοῖς,</em></span> <span class='ocrx_word' id='word_1_222' title='bbox 1836 3331 1958 3392; x_wconf 86' lang='grc' dir='ltr'><em>οἷον</em></span> <span class='ocrx_word' id='word_1_223' title='bbox 2004 3341 2115 3392; x_wconf 92' lang='grc' dir='ltr'><em>Δυ-</em></span> <span class='ocrx_word' id='word_1_224' title='bbox 2180 3371 2183 3410; x_wconf 69' lang='lat' dir='ltr'>ff</span> 
     </span>
     <span class='ocr_line' id='line_1_34' title="bbox 260 3424 811 3491; baseline 0.004 -17"><span class='ocrx_word' id='word_1_225' title='bbox 260 3425 345 3475; x_wconf 88' lang='grc' dir='ltr'><em>οῖν</em></span> <span class='ocrx_word' id='word_1_226' title='bbox 380 3424 662 3491; x_wconf 89' lang='grc' dir='ltr'><em>γυναικοῖν</em></span> <span class='ocrx_word' id='word_1_227' title='bbox 697 3425 811 3477; x_wconf 87' lang='grc' dir='ltr'><em>κτλ.</em></span> 
     </span>
    </p>
   </div>
   <div class='ocr_carea' id='block_1_15' title="bbox 2168 2722 2202 3918">
    <p class='ocr_par' dir='ltr' id='par_1_17' title="bbox 2168 2722 2202 3918">
     <span class='ocr_line' id='line_1_35' title="bbox 2168 2722 2202 3918; baseline 0 0"><span class='ocrx_word' id='word_1_228' title='bbox 2168 2722 2202 3918; x_wconf 95' lang='lat' dir='ltr'><em> </em></span> 
     </span>
    </p>
   </div>
  </div>
 </body>
</html>
