2202 3918
170 191 277 249 874
420 190 802 248 MENANDRI
853 186 1201 247 ΓΝΩΜΑΙ
1247 187 1785 248 ΜΟΝΟΣΤΙΧΟΙ.

175 333 314 404 apud
350 333 495 387 Stob.
538 335 708 390 cvm
746 334 796 386 ὅ.
835 334 925 387 ubi
958 326 1223 400 ἀνδρείως
1260 352 1353 402 pro
1390 327 1632 405 εὐχερῶς.
1683 365 1755 376 --
1794 337 1883 390 Vs.
1928 339 2037 392 709

175 426 399 477 Brunck.
437 419 567 484 τοὺς
603 417 836 492 νόμους,
888 422 1025 488 quod
1072 423 1265 473 codicis
1311 427 1616 477 auctoritate
1653 421 1850 477 firmari
1887 427 2034 480 dicit.
2116 411 2119 414 ’

175 540 244 551 -
282 511 373 566 νε.
411 513 519 564 713
570 512 837 578 Euripidis
876 527 1058 562 versus
1098 516 1180 562 est
1220 511 1332 578 lph.
1373 513 1531 563 Taur.
1569 515 1656 565 57.
1705 516 1794 566 ubi
1841 516 2036 583 legitur

179 596 370 652 στῦλοι
419 596 521 668 γὰρ
573 597 738 650 οἴκων
774 589 885 648 εἰσὶ
923 616 981 650 π.
1019 593 1256 665 ἄρσενες.
1329 628 1401 636 ——--
1475 601 1565 652 Vs·
1602 603 1709 652 718
1757 604 2036 655 Menandri

177 706 357 742 versus
396 707 425 741 e
461 681 801 755 Προγάμοις,
839 689 928 738 ubi
966 689 1159 755 legitur
1195 679 1408 755 τυφλόν
1442 703 1516 752 γε.
1557 721 1624 728 -
1664 688 1753 740 Vs,
1786 692 1892 741 723
1929 686 2036 741 κου’-

179 771 349 837 δὺνας
387 779 598 828 Grotius
637 795 732 844 pro
772 775 865 827 καὶ
902 770 1096 836 λύπας.
1153 808 1224 817 -—-
1262 778 1354 829 Vs·
1392 776 1514 826 725.
1558 776 1689 827 Vide
1728 778 1794 827 ad
1833 780 2037 847 Fragm.

178 867 458 918 Nicostrati
497 885 546 933 p.
587 868 708 917 286.
789 897 852 903 —-·
888 867 1001 929 vVs,
1041 868 1162 917 726.
1214 867 1448 917 Priorem
1482 866 1822 931 proverbialis
1861 885 2040 921 versus

177 960 379 1021 partem
417 951 775 1022 ταύτόμὰτόν
811 949 972 1022 ἡμῶν
1008 956 1171 1006 habes
1208 957 1347 1023 apud
1380 956 1549 1006 Cicer.
1589 955 1653 1004 ad
1694 956 1849 1009 Attio.
1887 957 1909 1007 1
1951 958 2034 1008 12.

177 1039 409 1093 Καλλίω
449 1062 516 1096 ne
554 1045 784 1096 secunda
816 1046 960 1096 brevi
998 1046 1272 1108 efferatur,
1317 1044 1417 1095 fuit
1456 1045 1543 1110 qui
1581 1044 1859 1095 verborum
1899 1047 2040 1097 ordi-

178 1148 297 1184 nem
325 1135 643 1196 immutaret,
668 1127 893 1183 κάλλιον
929 1127 1086 1200 ἡμῶν
1124 1127 1496 1200 ταύτόματον,
1535 1136 1742 1183 notatus
1779 1133 1899 1184 ideo
1935 1136 2038 1187 iam

138 1205 144 1208 ,
179 1222 243 1272 ab
280 1223 583 1273 Hermanno
626 1222 797 1272 Praef.
839 1224 1020 1290 Eurip.
1061 1224 1222 1274 Herc.
1264 1224 1385 1273 Fur.
1427 1237 1476 1286 p.
1517 1219 1603 1270 lx,
1693 1221 1810 1271 Non
1858 1221 2038 1274 dubito

180 1311 303 1377 quin
340 1311 699 1377 iambographi
738 1327 918 1362 versus
955 1313 1036 1363 sit.
1132 1312 1312 1377 Itaque
1358 1313 1503 1359 reete
1542 1303 1786 1357 καλλίων
1823 1311 2040 1378 corripi-

177 1404 279 1452 tur.
352 1399 646 1451 Simonides
695 1399 906 1454 Mulier.
946 1401 1043 1451 31:
1106 1395 1164 1448 ἐν
1225 1393 1398 1449 πᾶσιν
1453 1390 1855 1464 ἀνθρώποισιν
1910 1392 2039 1451 οὐδὲ

180 1482 437 1541 καλλίων.
473 1520 544 1530 —
582 1489 669 1542 Vs,
697 1488 820 1540 738.
860 1489 993 1542 Vide
1030 1504 1186 1556 supra
1224 1505 1273 1556 p.
1299 1487 1418 1538 132.
1459 1517 1527 1527 -—
1566 1487 1654 1539 Vs.
1677 1487 1783 1538 746
1821 1488 2035 1541 Grotius

181 1582 235 1630 et
270 1578 560 1630 Brunckius
596 1570 852 1645 εὔκαιρον
889 1574 1065 1629 δίδου.
1128 1605 1194 1618 --
1258 1579 1350 1631 Vs.
1387 1576 1494 1627 750
1530 1576 1809 1627 Menandri
1848 1593 2054 1629 versus·

92 1677 110 1685 ‘
189 1670 287 1720 eet.
358 1665 422 1719 V.
458 1682 511 1733 p.
548 1668 643 1719 76.
685 1696 754 1706 --
805 1667 895 1720 Vs,
932 1668 1037 1718 757
1088 1682 1183 1735 pro
1217 1650 1260 1716 ὦ
1310 1667 1582 1734 legebatur
1617 1657 1707 1724 ὥς.
1783 1665 1845 1720 V.
1883 1681 2040 1735 supra

187 1771 238 1823 p.
279 1755 402 1809 192.
440 1784 510 1796 -
546 1755 640 1810 Vs·
675 1755 784 1808 758
821 1756 1098 1810 Menandri
1136 1771 1332 1810 versun.
1390 1755 1452 1811 V.
1491 1754 1707 1824 123151.
