2202 3918
293 208 399 265 762
1032 206 1410 259 MENANDRI

876 345 1563 410 KAPJNH.

1181 455 1248 506 ΙΙ.

961 545 1005 596 O
1046 507 1257 599 dea-rum
1296 544 1512 599 maxims

289 652 427 689 nunc
465 633 807 702 Impudentia‚
844 634 886 684 si
924 641 976 684 te
1015 633 1092 686 fas
1128 634 1229 690 dici
1266 634 1442 687 deam:

290 733 342 778 at
378 725 485 777 fas:
527 740 642 775 nam
681 740 816 775 nunc
854 722 988 789 quod
1027 728 1228 790 regnat,
1264 739 1375 774 mos
1414 735 1603 772 numen
1644 727 1820 774 vocat:

287 830 389 881 quo
427 813 739 881 processisti,
779 828 985 879 quoque
1023 810 1277 878 procedes
1313 809 1508 861 adhuc!

725 986 1680 1047 ΚΑΡΧΗΔΟΝΙΟΣ.

1155 1101 1223 1152 11.

283 1199 450 1250 Nemo
488 1199 546 1243 s'e
582 1194 725 1243 novit
762 1206 863 1258 quo
900 1192 967 1242 sit
1005 1196 1214 1241 exortus
1251 1196 1383 1253 satu,

280 1286 373 1338 sed
412 1282 733 1349 suspicamur
771 1279 1015 1352 universi,
1052 1286 1140 1330 aut
1174 1279 1451 1331 credimus,

1172 1385 1231 1436 V.

279 1479 652 1549 Quodcumque
687 1481 887 1528 rectum
925 1481 1019 1539 est,
1058 1474 1112 1529 id
1151 1475 1265 1543 plus
1303 1476 1421 1543 lege
1457 1475 1568 1545 ipsa
1607 1479 1757 1530 vaiet.

751 1644 1635 1710 ΚΕΚΡΥΦΑΛΟΣι

1183 1763 1224 1813 1.

274 1856 554 1922 Comperto
589 1853 754 1904 iussos
791 1850 922 1918 legis
960 1849 1279 1918 praescripto
1317 1823 1484 1902 novae

271 1945 410 2011 apud
447 1944 705 1994 Censores
743 1956 932 1991 nomen
971 1940 1206 2006 profiteri
1244 1955 1396 1990 suum

177 2011 179 2014 V
270 2047 466 2099 coquos
501 2046 720 2097 quorum
758 2045 919 2096 opera
954 2027 1296 2080 famniaretur
1332 2029 1544 2095 nuptiis,

270 2120 667 2187 interrogando·
705 2134 828 2169 num
867 2119 982 2184 quis
1019 2117 1258 2170 convivas
1293 2117 1390 2168 sibi

268 2215 510 2261 vocasset
544 2209 741 2275 plures,
779 2207 898 2274 lege
935 2221 1085 2272 quam
1122 2206 1461 2274 permittitur,

210 2304 221 2312 ’
266 2298 535 2366 profectus
574 2333 802 2349 .....

1145 2366 1236 2418 IV.

265 2458 441 2519 Came,
480 2470 782 2525 quamquam
822 2455 1207 2521 inconspicuas,
1244 2471 1339 2506 nos
1378 2455 1595 2506 multum
1634 2458 1788 2511 iuvat.

768 2620 1612 2701 KlffiAPstz'THE.

1173 2737 1211 2787 1.

262 2832 377 2896 Ego
415 2827 739 2879 autumabam
779 2826 980 2888 diviteS,
1018 2843 1049 2876 o
1088 2826 1302 2890 Phania,

261 2920 312 2969 in
350 2934 473 2968 aere
512 2917 687 2966 vivunt
725 2916 811 2981 qui
849 2930 1097 2979 suo,‘nec
1134 2916 1374 2966 noctibus

258 3007 478 3072 suspiria
515 3021 689 3070 agere,
726 3019 824 3055 nec
860 3019 948 3055 sus
985 3004 1155 3070 deque
1190 3006 1402 3066 vol-tier,

261 3112 356 3147 nec
392 3095 568 3144 dicere
607 3094 785 3156 Eheu3
822 3093 916 3144 sed
954 3093 1228 3158 tranquilla
1267 3094 1493 3145 molliter

257 3183 360 3235 frui
398 3183 595 3248 quiete.
635 3182 724 3232 illa
762 3197 879 3232 esse
915 3197 1199 3247 pauperum
1237 3183 1386 3232 mala.

255 3280 306 3324 at
343 3286 480 3323 nunc
518 3286 608 3321 vos
646 3270 814 3332 video,
854 3285 982 3335 quos
1022 3271 1199 3323 beatos
1237 3271 1553 3339 praedicant,

255 3362 407 3413 vitam
446 3375 563 3411 cum
601 3363 776 3408 nostra
813 3359 988 3410 vivere
1025 3360 1476 3428 aequiparabilem.

253 3467 338 3503 res
376 3456 496 3501 suut
535 3454 782 3515 cognatae
822 3448 923 3501 vita
963 3455 1013 3501 et
1051 3450 1447 3503 anxietudines?
