2202 3918
651 194 982 248 FABULAE
1022 194 1096 246 ΙΝ
1099 193 1403 247 ΟΕΒΤΑΕ.
1847 199 1954 253 525

103 346 246 392 terra
272 338 444 392 Attica
479 340 657 388 natum
691 336 744 388 in
781 337 865 389 his
900 339 1135 390 versibus
1172 337 1472 404 alloquitur,
1509 339 1682 404 aitque
1719 346 1777 392 ut
1796 343 1954 394 Attici

102 421 393 490 ἀττικίζειν
428 425 531 475 dici
569 424 780 487 debent,
817 441 974 492 quum
1013 442 1107 478 sua
1143 427 1322 495 lingua
1357 429 1606 487 utuntur,
1642 428 1713 478 ita
1748 435 1955 483 ceteros

110 519 340 571 Graecos
375 507 716 576 ἕλληνίζειν.”
755 514 1038 567 Salmasius
1075 516 1141 566 ad
1178 515 1340 567 Solin.
1378 531 1430 582 p.
1458 514 1564 564 100
1599 515 1663 566 F.
1701 547 1768 559 —-
1806 519 1895 570 Vs.
1922 520 1957 570 3

101 600 276 656 αὑτοῦ
311 597 419 654 τίν’
463 603 758 655 Salmasius.
834 603 1004 669 Vulgo
1060 596 1237 653 αὐτοῦ
1283 616 1444 663 τινες.
1518 602 1664 654 Idem
1717 605 1771 654 in
1822 605 1954 659 libro

101 695 169 746 de
206 695 268 745 L.
306 692 518 745 Hellen.
556 709 606 759 p.
646 690 751 741 165
799 696 852 740 et
887 691 993 742 409
1042 697 1316 758 praeterea
1364 686 1590 742 σαυτοῦ.
1675 691 1965 748 Hudsonus·

100 776 279 834 ἇστοῦ
334 797 500 841 τινος.
590 779 767 831 Minus
822 779 976 830 etiam
1027 786 1150 847 apte
1206 781 1420 832 Grotius
1471 772 1839 846 αὐτόχθονος.
1888 813 1956 825 -.

104 872 196 925 Vs.
234 872 269 922 4
306 865 361 919 τί
397 860 848 936 προσδιατρίβων
885 873 986 919 etc.
1059 869 1320 922 Nimirum
1357 870 1561 923 Atticus
1610 869 1702 921 ille
1737 870 1958 924 alterum

106 961 275 1012 minus
310 959 468 1011 attice
502 958 803 1023 loquentem
842 962 1127 1008 notaverat.

985 1111 1076 1163 Ill.

350 1217 506 1270 Ναοὶ
543 1212 637 1269 δύ’
675 1208 783 1269 εἰσὶ
819 1216 915 1267 καὶ
951 1211 1109 1280 στοά,
1148 1215 1242 1269 καὶ
1281 1213 1548 1288 τοῦνομα,

350 1325 447 1377 καὶ
483 1321 546 1376 τὸ
585 1323 901 1392 βαλανεῖον,
937 1323 1032 1375 καὶ
1068 1320 1132 1375 τὸ
1152 1320 1423 1396 Σαράβου
1453 1324 1621 1389 κλέος,

352 1429 418 1483 τό
460 1428 605 1483 πολὺ
642 1432 745 1500 μὲν
780 1424 939 1495 ἀκτή,
980 1433 1093 1492 τοῖς
1131 1426 1186 1482 δ’
1221 1426 1606 1502 Ἐλευθερέως
1641 1427 1818 1496 πόλις.

245 1562 596 1614 Dicaearchus
635 1562 698 1614 V.
720 1562 906 1613 Graec.
945 1562 996 1614 in
1034 1562 1278 1614 Hudsoni
1317 1564 1512 1632 Geogr.
1551 1565 1674 1616 min.
1706 1565 1756 1615 11
1793 1563 1960 1637 wlff:

97 1644 133 1714 ἡ
172 1646 230 1700 δὲ
266 1643 427 1710 πόλις
465 1647 840 1714 (Πλαταιαὶ)
886 1645 1030 1699 κατὰ
1077 1645 1176 1699 τὸν
1219 1648 1522 1721 κωμῳδιῶν
1560 1647 1799 1714 ποιητὴν
1835 1651 1961 1701 Ilo-

99 1734 400 1791 σείδιππον
434 1737 587 1789 Ναοὶ
625 1730 719 1788 δύ’
759 1729 869 1789 εἰσί
904 1735 1020 1807 κτλ.
1098 1740 1185 1793 Vs.
1227 1741 1256 1790 1
1296 1740 1520 1793 fortasse
1557 1734 1675 1811 νεῴ.
1713 1742 1961 1793 Ceterum

100 1846 205 1881 non
254 1829 388 1892 duo,
436 1829 531 1881 sed
578 1829 676 1880 tria
715 1827 1100 1879 Plataeensium
1150 1830 1354 1897 templa*
1396 1830 1629 1882 celebrat
1679 1830 1961 1882 Pausanias

104 1917 178 1970 lx
212 1918 247 1968 8
287 1925 341 1969 et
377 1919 428 1970 4.
478 1917 710 1981 lunoniS,
748 1917 1039 1980 Minervae,
1078 1917 1304 1969 CereriS.
1359 1950 1430 1960 --
1490 1920 1580 1972 Vs.
1617 1921 1650 1970 2
1687 1920 1964 1988 legebatur

104 1997 432 2074 Σηρᾶμβου.
506 2007 678 2057 Unice
725 2022 846 2056 vera
894 2005 1050 2056 huius
1101 2004 1324 2056 nominis
1362 2008 1616 2072 scriptura
1657 2015 1735 2059 est
1772 2003 1962 2076 Σάρα-

99 2091 216 2160 βος,
254 2094 476 2145 docente
511 2110 667 2145 versu
707 2093 962 2160 dactylico
1000 2092 1197 2145 Achaei
1235 2094 1373 2161 apud
1403 2096 1594 2146 Athen.
1619 2096 1690 2148 lv
1712 2114 1761 2163 p.
1785 2097 1888 2147 173
1911 2114 1959 2148 e.

100 2185 188 2249 (G.
228 2185 290 2235 L.
330 2182 542 2234 Urlichs
578 2184 787 2250 Fragm.
825 2182 1024 2234 Achaei
1062 2184 1251 2234 Eretr.-·¹
1275 2201 1326 2249 p.
1364 2182 1460 2247 51)
1498 2181 1836 2252 Σαραβικῶν
1866 2201 1958 2235 κο·

99 2268 279 2324 πίδων
315 2264 690 2338 συνομώνυμε.
763 2273 947 2337 anue
985 2270 1155 2321 forma
1193 2272 1432 2322 omnibus
1470 2273 1598 2325 locis
1636 2276 1959 2326 restituenda

100 2369 207 2426 est,
244 2362 540 2426 ubicunque
576 2361 826 2426 cauponis
876 2358 1024 2410 istius
1065 2359 1387 2410 Plataeensis
1425 2378 1616 2412 nomen
1653 2358 1961 2430 Σάραμβος

99 2450 358 2503 scribitur.
399 2480 471 2491 —-
509 2449 598 2502 Vs.
620 2449 655 2499 3
692 2463 811 2499 cum
847 2447 1029 2498 littore
1066 2455 1329 2515 comparat
1352 2449 1738 2503 Plataeensium
1777 2454 1959 2506 urbem

97 2543 316 2607 propter
362 2536 711 2588 solitudinem.
798 2535 1048 2587 Similiter
1080 2538 1274 2598 >Accius
1311 2538 1450 2604 apud
1491 2539 1657 2592 Cicer.
1695 2541 1760 2591 ad
1799 2543 1958 2594 Attio.

98 2627 145 2690 1,
182 2627 280 2677 18:
318 2642 424 2676 non
447 2627 616 2689 homo,
652 2626 748 2677 sed
771 2624 926 2675 littus
963 2642 1058 2676 aer
1095 2631 1149 2676 et
1185 2625 1416 2677 solitudo
1444 2646 1607 2691 mera,
1647 2647 1956 2697 quamquam

97 2715 143 2767 is
191 2714 260 2767 de
309 2716 509 2766 Lemno
557 2715 727 2766 insula
777 2715 1025 2781 loquitur.
1109 2714 1246 2766 Tum
1294 2708 1675 2784 Ἐλευθερέως
1712 2734 1807 2784 pro
1847 2720 1959 2769 vul-

0 2874 4 2889 Ι
96 2811 218 2873 gato
253 2801 568 2872 ἐλευθέροις
604 2804 833 2855 restituit
871 2804 912 2855 l.
934 2804 1150 2857 Vossius
1188 2804 1252 2854 ad
1279 2805 1478 2873 Scylac.
1502 2809 1623 2873 μθ.
1698 2807 1775 2858 De
1794 2807 1956 2859 Eleu·

0 2894 3 2908 '
98 2894 390 2946 theriorum
439 2893 579 2945 festo
630 2909 831 2944 summa
885 2908 1002 2944 cum
1055 2893 1370 2947 solennitate
1426 2896 1565 2964 apud
1620 2896 1955 2949 Plataeenses

98 2983 362 3036 celebrato
400 2990 522 3035 nota
558 2988 679 3034 suut
714 2983 903 3035 omnia.

986 3124 1077 3178 IV.

355 3224 548 3289 Οὐδεὶς
585 3219 806 3290 ἀλύπως
842 3225 942 3280 τὸν
978 3225 1107 3297 βίον
1144 3224 1412 3298 διήγαγεν

344 3330 651 3404 ἅνθρωπος
683 3329 780 3398 ὥν,
817 3330 943 3388 οἰδὲ
980 3335 1136 3407 μέχρι
1174 3335 1273 3390 τοῦ
1308 3336 1494 3402 τέλους
1531 3333 1700 3393 πάλιν

344 3438 553 3511 ἔμεινεν
588 3436 842 3512 εὐτυχῶν.
