2202 3918
1847 199 1951 249 867

104 327 291 415 μάκαρ
325 333 504 384 ultime
544 331 796 397 producta
831 332 953 383 417.

103 402 353 486 μᾴχαιρα
392 396 584 463 συκίνη
622 402 690 452 de
726 401 1058 469 sycophantis
1096 400 1289 452 dictum
1328 402 1433 452 638
1467 419 1543 470 sq.

102 474 284 558 μάιης
320 482 374 526 et
409 466 590 553 μανὴς
624 471 746 523 578.

101 542 302 615 μάντις
339 535 490 604 όστις
521 536 714 603 εικάζει
749 537 943 603 καλῶς,
979 540 1322 607 proverbialis
1360 557 1540 595 versus
1576 545 1699 597 288.

103 618 416 673 Marmarius
454 630 601 667 mons
637 614 690 662 in
727 613 943 663 Euboea
980 613 1107 662 310.

10 740 12 747 ⁴
101 685 308 757 μάστιξ
342 698 604 753 κεραμικη
641 683 707 733 de
743 682 1047 733 ostracismo
1086 680 1280 731 dictum
1319 680 1440 732 638.

104 763 281 815 Metro
318 760 440 810 561.

103 825 432 899 μεγαλόνοες
469 843 564 895 pro
601 819 900 892 μεγαλόνοι
934 827 1021 878 65.

103 900 424 956 Melanthius
460 899 683 964 scriptor
721 898 788 949 de
824 898 1087 965 mysteriis
1125 898 1249 948 319.

102 971 395 1026 Mensnder
429 971 657 1020 imitator
693 970 958 1034 Euripidis
996 969 1102 1018 705
1140 983 1253 1033 sqq.

14 1047 16 1075 2
102 1041 396 1095 Menander
432 1041 613 1090 rhetor
651 1040 1016 1090 Demosthenis
1053 1040 1314 1106 interpres
1351 1038 1474 1089 329.

102 1112 387 1179 Menippus
428 1110 643 1162 Periclis
679 1110 843 1160 cliens
880 1110 1003 1160 078.

103 1182 305 1235 Menon
344 1181 646 1232 ostracismo
685 1180 955 1231 damnatus
992 1179 1115 1231 645.

106 1253 428 1305 Menonidse
463 1268 593 1319 gens
632 1252 801 1302 Attica
837 1251 959 1302 645.

106 1324 467 1376 meretricibus
520 1321 727 1374 nomine
785 1338 815 1373 a
871 1321 1031 1373 sacris
1084 1321 1220 1373 ludis
1275 1323 1546 1390 imponere
1600 1338 1705 1377 non
1761 1324 1958 1378 licitum

176 1395 300 1445 511.
337 1394 459 1445 512.

19 1523 21 1531 A
108 1462 454 1543 μεσοπέρδην
490 1473 544 1518 et
579 1464 932 1536 μεσογὲρδην
960 1467 1084 1518 682.

20 1598 21 1604 1
107 1529 475 1615 μεταγενήςί.
514 1554 563 1604 q.
600 1539 1054 1606 μεταγενέστερος
1095 1537 1214 1588 114.

109 1603 316 1674 μεταξὺ
354 1621 463 1656 των
498 1604 676 1675 λόγων
713 1612 834 1662 437.

109 1677 408 1732 Metiocbus
445 1680 528 1730 vel
569 1682 833 1734 Metichus
871 1680 993 1734 645.

108 1744 188 1815 μὴ
225 1743 458 1814 νόμισον
491 1751 616 1803 593.

107 1821 409 1872 Mimnermi
447 1827 503 1871 et
539 1821 813 1873 Menandri
852 1822 1059 1872 nomina
1096 1824 1388 1886 permutata
1425 1820 1548 1871 327.

110 1886 419 1955 μινθῶσαι,
456 1891 761 1959 despicatui
797 1892 989 1943 habere
1024 1892 1149 1943 533.

112 1960 379 2012 monitum
414 1962 754 2030 philosophus
794 1964 913 2014 143.

24 2071 25 2075 ,
112 2025 508 2108 μορμολύττειν
543 2050 645 2085 non
685 2033 876 2086 dicitur
911 2050 1006 2101 pro
1043 2024 1540 2101 μορμολύττεσθαι
1578 2030 1700 2083 658.

26 2156 27 2163 ¹
112 2117 294 2168 μωρος
330 2110 383 2153 et
418 2099 597 2170 μωρός
632 2104 755 2156 658.

112 2173 441 2226 Moschionis
478 2182 665 2242 poetae
701 2177 885 2243 tragici
924 2176 1101 2227 fabula
1129 2174 1363 2225 Pheraei
1399 2174 1524 2225 559.

109 2259 210 2310 μοι
245 2238 467 2322 ὑπηλθε
506 2254 559 2297 et
595 2247 782 2297 similia
820 2265 915 2314 per
953 2248 1119 2298 crasin
1158 2245 1459 2298 coalescunt
1497 2246 1583 2296 27.

110 2311 353 2382 μουσικὰ
391 2311 658 2384 βρώματα
697 2326 749 2367 et
786 2319 971 2369 similia
1008 2318 1132 2369 541.

109 2387 216 2454 μῦς
253 2383 456 2449 λευκός,
490 2389 829 2455 proverbialis
867 2389 1075 2440 dicendi
1111 2388 1280 2440 forma
1317 2387 1384 2440 de
1423 2386 1700 2440 libidinoso
1738 2385 1825 2439 45.

113 2454 378 2521 αυττίδης
411 2459 681 2526 Hesychio
718 2460 1015 2512 restitutum
1052 2460 1174 2512 625.

1011 2669 1080 2723 Ν.

123 2812 380 2867 Nannlnm
418 2829 569 2881 quam
609 2816 675 2864 ob
715 2829 923 2865 causam
960 2813 1304 2865 Proscenium
1342 2811 1478 2863 dicta
1516 2810 1677 2863 fuerit
1713 2812 1821 2866 722
1858 2828 1934 2881 sq.

119 2879 347 2937 Nemeae
384 2886 671 2937 meretricis
709 2902 898 2937 nomen
934 2884 1058 2937 512.

121 2949 269 3016 Νίκη
299 2949 539 3018 Αθηνᾶ
575 2957 698 3007 282.

123 3018 324 3102 νίτρον.
395 3020 499 3076 τάκ
534 3023 633 3076 τοῦ
671 3020 877 3095 νίτρου,
914 3026 1058 3077 arida
1096 3024 1426 3078 condimenta
1463 3025 1587 3078 466.

122 3089 733 3249 :isstnfnrt‘ivgfftpzzdens
771 3186 821 3219 x.

122 3251 251 3295 τους
286 3234 343 3285 ἐν
379 3233 584 3308 ἑκάστῳ
622 3234 776 3298 θεὸς,
815 3238 1080 3303 Euripidis
1118 3243 1171 3290 et
1208 3238 1487 3292 Menandri
1526 3239 1720 3291 dictum
1758 3235 1880 3286 370.

127 3308 412 3361 Numenius
448 3310 584 3378 apud
622 3309 907 3363 Eusebium
945 3310 1068 3361 333.

1508 3446 1640 3497 55⁶
