<?xml version="1.0" encoding="UTF-8"?>
<!DOCTYPE html PUBLIC "-//W3C//DTD XHTML 1.0 Transitional//EN"
    "http://www.w3.org/TR/xhtml1/DTD/xhtml1-transitional.dtd">
<html xmlns="http://www.w3.org/1999/xhtml" xml:lang="en" lang="en">
 <head>
  <title>
</title>
<meta http-equiv="Content-Type" content="text/html;charset=utf-8" />
  <meta name='ocr-system' content='tesseract 3.04.00' />
  <meta name='ocr-capabilities' content='ocr_page ocr_carea ocr_par ocr_line ocrx_word'/>
</head>
<body>
  <div class='ocr_page' id='page_1' title='image "./fragmentacomicor04meinuoft_0479.png"; bbox 0 0 2202 3918; ppageno 0'>
   <div class='ocr_carea' id='block_1_1' title="bbox 685 208 2082 273">
    <p class='ocr_par' dir='ltr' id='par_1_1' title="bbox 685 208 2082 273">
     <span class='ocr_line' id='line_1_1' title="bbox 685 208 2082 273; baseline 0.001 -1"><span class='ocrx_word' id='word_1_1' title='bbox 685 219 1015 272; x_wconf 75' lang='lat' dir='ltr'><strong>FABULAE</strong></span> <span class='ocrx_word' id='word_1_2' title='bbox 1057 218 1439 271; x_wconf 74' lang='lat' dir='ltr'><strong>mcust&#39;rAs.</strong></span> <span class='ocrx_word' id='word_1_3' title='bbox 1882 221 1989 273; x_wconf 74' lang='lat'><strong>45⁶1</strong></span> <span class='ocrx_word' id='word_1_4' title='bbox 2076 208 2082 211; x_wconf 76' lang='grc'><strong>’</strong></span> 
     </span>
    </p>
   </div>
   <div class='ocr_carea' id='block_1_2' title="bbox 140 353 1991 521">
    <p class='ocr_par' dir='ltr' id='par_1_2' title="bbox 140 353 1991 521">
     <span class='ocr_line' id='line_1_2' title="bbox 282 353 1991 431; baseline -0.002 -13"><span class='ocrx_word' id='word_1_5' title='bbox 282 366 540 418; x_wconf 83' lang='lat' dir='ltr'><strong>Stobacus</strong></span> <span class='ocrx_word' id='word_1_6' title='bbox 578 361 721 412; x_wconf 86' lang='lat' dir='ltr'><strong>Flor.</strong></span> <span class='ocrx_word' id='word_1_7' title='bbox 763 362 932 415; x_wconf 90' lang='lat' dir='ltr'>CVIII</span> <span class='ocrx_word' id='word_1_8' title='bbox 980 363 1049 412; x_wconf 82' lang='lat'><strong>36</strong></span> <span class='ocrx_word' id='word_1_9' title='bbox 1097 377 1210 413; x_wconf 87' lang='lat' dir='ltr'><strong>cum</strong></span> <span class='ocrx_word' id='word_1_10' title='bbox 1258 361 1499 411; x_wconf 78' lang='lat' dir='ltr'><strong>lemmate</strong></span> <span class='ocrx_word' id='word_1_11' title='bbox 1541 353 1991 431; x_wconf 79' lang='grc' dir='ltr'><strong><em>Ἀπολλοδώρου.</em></strong></span> 
     </span>
     <span class='ocr_line' id='line_1_3' title="bbox 140 442 1989 521; baseline -0.001 -16"><span class='ocrx_word' id='word_1_12' title='bbox 140 455 440 521; x_wconf 71' lang='lat' dir='ltr'><strong>Legebantur</strong></span> <span class='ocrx_word' id='word_1_13' title='bbox 477 442 642 516; x_wconf 82' lang='grc' dir='ltr'><strong><em>τύχης</em></strong></span> <span class='ocrx_word' id='word_1_14' title='bbox 676 465 747 501; x_wconf 85' lang='grc' dir='ltr'><strong>τι.</strong></span> <span class='ocrx_word' id='word_1_15' title='bbox 821 450 1062 502; x_wconf 81' lang='lat' dir='ltr'>Correxit</span> <span class='ocrx_word' id='word_1_16' title='bbox 1102 451 1380 501; x_wconf 84' lang='lat' dir='ltr'><strong>Porsonus.</strong></span> <span class='ocrx_word' id='word_1_17' title='bbox 1455 448 1584 502; x_wconf 87' lang='lat' dir='ltr'><strong>Cod.</strong></span> <span class='ocrx_word' id='word_1_18' title='bbox 1622 450 1662 500; x_wconf 92' lang='grc' dir='ltr'>Β</span> <span class='ocrx_word' id='word_1_19' title='bbox 1713 444 1873 519; x_wconf 82' lang='grc' dir='ltr'><em>τύχης</em></span> <span class='ocrx_word' id='word_1_20' title='bbox 1908 445 1989 504; x_wconf 81' lang='grc' dir='ltr'><strong>τό.</strong></span> 
     </span>
    </p>
   </div>
   <div class='ocr_carea' id='block_1_3' title="bbox 41 539 861 594">
    <p class='ocr_par' dir='ltr' id='par_1_3' title="bbox 41 539 861 594">
     <span class='ocr_line' id='line_1_4' title="bbox 41 539 861 594; baseline -0.005 0"><span class='ocrx_word' id='word_1_21' title='bbox 41 559 45 562; x_wconf 77' lang='grc'><strong>’</strong></span> <span class='ocrx_word' id='word_1_22' title='bbox 141 543 260 594; x_wconf 83' lang='lat' dir='ltr'><strong>Hoc</strong></span> <span class='ocrx_word' id='word_1_23' title='bbox 298 541 594 593; x_wconf 85' lang='lat' dir='ltr'><strong>coniecerat</strong></span> <span class='ocrx_word' id='word_1_24' title='bbox 630 539 861 591; x_wconf 83' lang='lat' dir='ltr'><strong>Grotius.</strong></span> 
     </span>
    </p>
   </div>
   <div class='ocr_carea' id='block_1_4' title="bbox 478 638 1627 814">
    <p class='ocr_par' dir='ltr' id='par_1_4' title="bbox 478 638 1627 814">
     <span class='ocr_line' id='line_1_5' title="bbox 1025 638 1117 690; baseline -0.022 0"><span class='ocrx_word' id='word_1_25' title='bbox 1025 638 1117 690; x_wconf 88' lang='lat' dir='ltr'><strong>Vl.</strong></span> 
     </span>
     <span class='ocr_line' id='line_1_6' title="bbox 478 733 1627 814; baseline -0.004 -19"><span class='ocrx_word' id='word_1_26' title='bbox 478 739 772 810; x_wconf 62' lang='lat' dir='ltr'><strong>Mdonyog</strong></span> <span class='ocrx_word' id='word_1_27' title='bbox 809 736 979 804; x_wconf 80' lang='grc' dir='ltr'><strong><em>οὔσης</em></strong></span> <span class='ocrx_word' id='word_1_28' title='bbox 1015 733 1179 810; x_wconf 80' lang='grc' dir='ltr'><strong><em>ὅρκον</em></strong></span> <span class='ocrx_word' id='word_1_29' title='bbox 1216 734 1395 814; x_wconf 78' lang='grc' dir='ltr'><strong><em>οἰκέτῃ</em></strong></span> <span class='ocrx_word' id='word_1_30' title='bbox 1436 735 1627 806; x_wconf 79' lang='grc' dir='ltr'><strong><em>δίδως;</em></strong></span> 
     </span>
    </p>
   </div>
   <div class='ocr_carea' id='block_1_5' title="bbox 137 849 1992 1102">
    <p class='ocr_par' dir='ltr' id='par_1_5' title="bbox 137 849 1992 1102">
     <span class='ocr_line' id='line_1_7' title="bbox 281 849 1990 921; baseline -0.002 -11"><span class='ocrx_word' id='word_1_31' title='bbox 281 860 537 911; x_wconf 84' lang='lat' dir='ltr'><strong>Stobaeus</strong></span> <span class='ocrx_word' id='word_1_32' title='bbox 583 859 726 909; x_wconf 85' lang='lat' dir='ltr'><strong>Flor.</strong></span> <span class='ocrx_word' id='word_1_33' title='bbox 765 858 963 910; x_wconf 83' lang='lat' dir='ltr'>XXVII</span> <span class='ocrx_word' id='word_1_34' title='bbox 1003 859 1039 909; x_wconf 77' lang='lat'><strong>7</strong></span> <span class='ocrx_word' id='word_1_35' title='bbox 1092 872 1206 908; x_wconf 90' lang='lat' dir='ltr'><strong>cum</strong></span> <span class='ocrx_word' id='word_1_36' title='bbox 1254 857 1495 908; x_wconf 77' lang='lat' dir='ltr'><strong>lemmate</strong></span> <span class='ocrx_word' id='word_1_37' title='bbox 1543 849 1990 921; x_wconf 78' lang='grc' dir='ltr'><strong><em>Ἀπολλοδώρου.</em></strong></span> 
     </span>
     <span class='ocr_line' id='line_1_8' title="bbox 139 938 1992 1015; baseline -0.002 -17"><span class='ocrx_word' id='word_1_38' title='bbox 139 948 438 1013; x_wconf 80' lang='lat' dir='ltr'><strong>Legebatur</strong></span> <span class='ocrx_word' id='word_1_39' title='bbox 486 940 682 995; x_wconf 79' lang='grc' dir='ltr'><strong><em>οὐκέτι.</em></strong></span> <span class='ocrx_word' id='word_1_40' title='bbox 769 947 875 996; x_wconf 89' lang='lat' dir='ltr'><strong>Sed</strong></span> <span class='ocrx_word' id='word_1_41' title='bbox 924 938 1104 1015; x_wconf 77' lang='grc' dir='ltr'><strong><em>οἰκέτῃ</em></strong></span> <span class='ocrx_word' id='word_1_42' title='bbox 1150 952 1361 1013; x_wconf 80' lang='lat' dir='ltr'><strong>praeter</strong></span> <span class='ocrx_word' id='word_1_43' title='bbox 1410 946 1614 1013; x_wconf 81' lang='lat' dir='ltr'><strong>codices</strong></span> <span class='ocrx_word' id='word_1_44' title='bbox 1667 951 1720 997; x_wconf 80' lang='lat' dir='ltr'><strong>ct</strong></span> <span class='ocrx_word' id='word_1_45' title='bbox 1758 944 1992 998; x_wconf 84' lang='lat' dir='ltr'><strong>Grotium</strong></span> 
     </span>
     <span class='ocr_line' id='line_1_9' title="bbox 137 1034 866 1102; baseline 0.001 -17"><span class='ocrx_word' id='word_1_46' title='bbox 137 1035 242 1086; x_wconf 80' lang='lat' dir='ltr'><strong>iam</strong></span> <span class='ocrx_word' id='word_1_47' title='bbox 281 1051 460 1102; x_wconf 81' lang='lat' dir='ltr'><strong>margo</strong></span> <span class='ocrx_word' id='word_1_48' title='bbox 500 1034 866 1086; x_wconf 80' lang='lat' dir='ltr'><strong>Gesnerianus.</strong></span> 
     </span>
    </p>
   </div>
   <div class='ocr_carea' id='block_1_6' title="bbox 140 1140 1993 1616">
    <p class='ocr_par' dir='ltr' id='par_1_6' title="bbox 140 1140 1993 1616">
     <span class='ocr_line' id='line_1_10' title="bbox 1010 1140 1125 1193; baseline -0.009 0"><span class='ocrx_word' id='word_1_49' title='bbox 1010 1140 1125 1193; x_wconf 91' lang='lat' dir='ltr'>VII.</span> 
     </span>
     <span class='ocr_line' id='line_1_11' title="bbox 491 1238 1742 1319; baseline 0 -21"><span class='ocrx_word' id='word_1_50' title='bbox 491 1241 716 1315; x_wconf 81' lang='grc' dir='ltr'><strong><em>Χρόνον</em></strong></span> <span class='ocrx_word' id='word_1_51' title='bbox 751 1242 858 1316; x_wconf 78' lang='grc' dir='ltr'><strong><em>γὰρ</em></strong></span> <span class='ocrx_word' id='word_1_52' title='bbox 895 1238 971 1307; x_wconf 76' lang='grc' dir='ltr'><strong>εἰς</strong></span> <span class='ocrx_word' id='word_1_53' title='bbox 1008 1242 1078 1295; x_wconf 81' lang='grc' dir='ltr'><strong>τὰ</strong></span> <span class='ocrx_word' id='word_1_54' title='bbox 1114 1239 1399 1316; x_wconf 74' lang='grc' dir='ltr'><strong><em>πράγματ’</em></strong></span> <span class='ocrx_word' id='word_1_55' title='bbox 1441 1240 1512 1298; x_wconf 76' lang='grc' dir='ltr'><strong>ἂν</strong></span> <span class='ocrx_word' id='word_1_56' title='bbox 1548 1242 1742 1319; x_wconf 78' lang='grc' dir='ltr'><strong><em>λάβῃς,</em></strong></span> 
     </span>
     <span class='ocr_line' id='line_1_12' title="bbox 391 1343 1472 1419; baseline 0.004 -16"><span class='ocrx_word' id='word_1_57' title='bbox 391 1343 616 1404; x_wconf 76' lang='grc' dir='ltr'><strong><em>ἅπαντα</em></strong></span> <span class='ocrx_word' id='word_1_58' title='bbox 654 1349 803 1419; x_wconf 77' lang='grc' dir='ltr'><strong><em>λήξει</em></strong></span> <span class='ocrx_word' id='word_1_59' title='bbox 841 1354 935 1405; x_wconf 77' lang='grc' dir='ltr'><strong><em>καὶ</em></strong></span> <span class='ocrx_word' id='word_1_60' title='bbox 971 1349 1472 1418; x_wconf 78' lang='grc' dir='ltr'><strong><em>κατασταλήσεται.</em></strong></span> 
     </span>
     <span class='ocr_line' id='line_1_13' title="bbox 279 1451 1993 1527; baseline -0.002 -16"><span class='ocrx_word' id='word_1_61' title='bbox 279 1460 535 1512; x_wconf 86' lang='lat' dir='ltr'><strong>Stobaeus</strong></span> <span class='ocrx_word' id='word_1_62' title='bbox 574 1462 615 1512; x_wconf 85' lang='lat' dir='ltr'><strong>F</strong></span> <span class='ocrx_word' id='word_1_63' title='bbox 620 1463 715 1513; x_wconf 84' lang='lat' dir='ltr'><strong>lor.</strong></span> <span class='ocrx_word' id='word_1_64' title='bbox 755 1462 928 1513; x_wconf 87' lang='lat' dir='ltr'><strong>XXIX</strong></span> <span class='ocrx_word' id='word_1_65' title='bbox 967 1462 1037 1511; x_wconf 84' lang='lat'><strong>43</strong></span> <span class='ocrx_word' id='word_1_66' title='bbox 1090 1477 1206 1513; x_wconf 89' lang='lat' dir='ltr'><strong>cum</strong></span> <span class='ocrx_word' id='word_1_67' title='bbox 1244 1463 1488 1514; x_wconf 81' lang='lat' dir='ltr'><strong>lemmate</strong></span> <span class='ocrx_word' id='word_1_68' title='bbox 1542 1451 1993 1527; x_wconf 79' lang='grc' dir='ltr'><strong><em>Ἀπολλοδώρου.</em></strong></span> 
     </span>
     <span class='ocr_line' id='line_1_14' title="bbox 140 1544 1993 1616; baseline 0 -17"><span class='ocrx_word' id='word_1_69' title='bbox 140 1548 269 1600; x_wconf 89' lang='lat' dir='ltr'><strong>Cod.</strong></span> <span class='ocrx_word' id='word_1_70' title='bbox 308 1550 349 1599; x_wconf 92' lang='lat' dir='ltr'><strong>B</strong></span> <span class='ocrx_word' id='word_1_71' title='bbox 388 1566 417 1599; x_wconf 86' lang='lat' dir='ltr'><strong>a</strong></span> <span class='ocrx_word' id='word_1_72' title='bbox 457 1565 609 1600; x_wconf 89' lang='lat' dir='ltr'><strong>manu</strong></span> <span class='ocrx_word' id='word_1_73' title='bbox 647 1551 875 1601; x_wconf 86' lang='lat' dir='ltr'><strong>secunda</strong></span> <span class='ocrx_word' id='word_1_74' title='bbox 914 1544 1126 1616; x_wconf 81' lang='grc' dir='ltr'><strong><em>βραχὺν</em></strong></span> <span class='ocrx_word' id='word_1_75' title='bbox 1174 1550 1317 1600; x_wconf 83' lang='lat' dir='ltr'><strong>addit</strong></span> <span class='ocrx_word' id='word_1_76' title='bbox 1363 1551 1415 1601; x_wconf 90' lang='lat' dir='ltr'><strong>in</strong></span> <span class='ocrx_word' id='word_1_77' title='bbox 1462 1552 1570 1601; x_wconf 82' lang='lat' dir='ltr'><strong>fine</strong></span> <span class='ocrx_word' id='word_1_78' title='bbox 1607 1550 1758 1616; x_wconf 89' lang='lat' dir='ltr'><strong>primi</strong></span> <span class='ocrx_word' id='word_1_79' title='bbox 1796 1563 1993 1611; x_wconf 85' lang='lat' dir='ltr'><strong>versus,</strong></span> 
     </span>
    </p>
   </div>
   <div class='ocr_carea' id='block_1_7' title="bbox 140 1628 1998 1794">
    <p class='ocr_par' dir='ltr' id='par_1_7' title="bbox 140 1628 1998 1794">
     <span class='ocr_line' id='line_1_15' title="bbox 140 1628 1998 1704; baseline -0.002 -16"><span class='ocrx_word' id='word_1_80' title='bbox 140 1653 273 1703; x_wconf 77' lang='lat' dir='ltr'><strong>quac</strong></span> <span class='ocrx_word' id='word_1_81' title='bbox 311 1638 582 1704; x_wconf 85' lang='lat' dir='ltr'><strong>perinepta</strong></span> <span class='ocrx_word' id='word_1_82' title='bbox 620 1644 699 1688; x_wconf 85' lang='lat' dir='ltr'><strong>est</strong></span> <span class='ocrx_word' id='word_1_83' title='bbox 736 1638 1086 1703; x_wconf 80' lang='lat' dir='ltr'><strong>interpolatio.</strong></span> <span class='ocrx_word' id='word_1_84' title='bbox 1170 1638 1385 1688; x_wconf 86' lang='lat' dir='ltr'><strong>Frustra</strong></span> <span class='ocrx_word' id='word_1_85' title='bbox 1425 1638 1581 1688; x_wconf 85' lang='lat' dir='ltr'><strong>etiam</strong></span> <span class='ocrx_word' id='word_1_86' title='bbox 1620 1638 1833 1688; x_wconf 84' lang='lat' dir='ltr'><strong>Grotius</strong></span> <span class='ocrx_word' id='word_1_87' title='bbox 1867 1628 1998 1702; x_wconf 81' lang='grc' dir='ltr'><strong><em>χρό-</em></strong></span> 
     </span>
     <span class='ocr_line' id='line_1_16' title="bbox 143 1720 1939 1794; baseline 0 -19"><span class='ocrx_word' id='word_1_88' title='bbox 143 1739 242 1776; x_wconf 91' lang='grc' dir='ltr'><strong>νον</strong></span> <span class='ocrx_word' id='word_1_89' title='bbox 278 1721 382 1794; x_wconf 78' lang='grc' dir='ltr'><strong><em>γὰρ</em></strong></span> <span class='ocrx_word' id='word_1_90' title='bbox 421 1720 630 1777; x_wconf 84' lang='grc' dir='ltr'><strong><em>ἱκανόν.</em></strong></span> <span class='ocrx_word' id='word_1_91' title='bbox 704 1725 955 1778; x_wconf 85' lang='lat' dir='ltr'><strong>Similiter</strong></span> <span class='ocrx_word' id='word_1_92' title='bbox 992 1743 1087 1777; x_wconf 89' lang='lat' dir='ltr'><strong>nos</strong></span> <span class='ocrx_word' id='word_1_93' title='bbox 1128 1726 1346 1778; x_wconf 83' lang='lat' dir='ltr'><strong>dicimus</strong></span> <span class='ocrx_word' id='word_1_94' title='bbox 1383 1727 1499 1778; x_wconf 76' lang='lat' dir='ltr'><strong>sich</strong></span> <span class='ocrx_word' id='word_1_95' title='bbox 1539 1726 1665 1777; x_wconf 80' lang='lat' dir='ltr'><strong>Zeit</strong></span> <span class='ocrx_word' id='word_1_96' title='bbox 1701 1724 1939 1776; x_wconf 79' lang='lat' dir='ltr'><strong>nehmen.</strong></span> 
     </span>
    </p>
   </div>
   <div class='ocr_carea' id='block_1_8' title="bbox 993 1867 1137 1919">
    <p class='ocr_par' dir='ltr' id='par_1_8' title="bbox 993 1867 1137 1919">
     <span class='ocr_line' id='line_1_17' title="bbox 993 1867 1137 1919; baseline -0.014 0"><span class='ocrx_word' id='word_1_97' title='bbox 993 1867 1137 1919; x_wconf 91' lang='lat' dir='ltr'>VIII.</span> 
     </span>
    </p>
   </div>
   <div class='ocr_carea' id='block_1_9' title="bbox 142 1965 1996 2310">
    <p class='ocr_par' dir='ltr' id='par_1_9' title="bbox 142 1965 1996 2310">
     <span class='ocr_line' id='line_1_18' title="bbox 283 1965 1995 2045; baseline -0.003 -18"><span class='ocrx_word' id='word_1_98' title='bbox 283 1975 631 2027; x_wconf 80' lang='lat' dir='ltr'><strong>Antiatticista</strong></span> <span class='ocrx_word' id='word_1_99' title='bbox 670 1991 720 2040; x_wconf 89' lang='lat' dir='ltr'><strong>p.</strong></span> <span class='ocrx_word' id='word_1_100' title='bbox 760 1975 830 2024; x_wconf 83' lang='grc'><strong>94</strong></span> <span class='ocrx_word' id='word_1_101' title='bbox 867 1974 918 2025; x_wconf 87' lang='grc'><strong>5.</strong></span> <span class='ocrx_word' id='word_1_102' title='bbox 962 1965 1434 2039; x_wconf 72' lang='grc' dir='ltr'><strong><em>Ἐργοδοτῶνε</em></strong></span> <span class='ocrx_word' id='word_1_103' title='bbox 1486 1968 1560 2035; x_wconf 83' lang='grc' dir='ltr'><strong>ῶς</strong></span> <span class='ocrx_word' id='word_1_104' title='bbox 1606 1966 1711 2025; x_wconf 75' lang='grc' dir='ltr'><strong>κᾶν</strong></span> <span class='ocrx_word' id='word_1_105' title='bbox 1758 1970 1827 2045; x_wconf 77' lang='grc' dir='ltr'><strong>τῇ</strong></span> <span class='ocrx_word' id='word_1_106' title='bbox 1863 1987 1995 2023; x_wconf 87' lang='grc' dir='ltr'><strong><em>συν-</em></strong></span> 
     </span>
     <span class='ocr_line' id='line_1_19' title="bbox 142 2055 1996 2132; baseline 0 -20"><span class='ocrx_word' id='word_1_107' title='bbox 142 2055 338 2132; x_wconf 75' lang='grc' dir='ltr'><strong><em>ηθείᾳ.</em></strong></span> <span class='ocrx_word' id='word_1_108' title='bbox 409 2057 852 2129; x_wconf 82' lang='grc' dir='ltr'><strong><em>Ἀπολλόδωρος.</em></strong></span> <span class='ocrx_word' id='word_1_109' title='bbox 928 2062 1256 2127; x_wconf 83' lang='lat' dir='ltr'><strong>Phrynichus</strong></span> <span class='ocrx_word' id='word_1_110' title='bbox 1297 2062 1408 2113; x_wconf 77' lang='lat' dir='ltr'><strong>Ecl.</strong></span> <span class='ocrx_word' id='word_1_111' title='bbox 1449 2066 1538 2112; x_wconf 84' lang='lat' dir='ltr'><strong>att.</strong></span> <span class='ocrx_word' id='word_1_112' title='bbox 1579 2079 1628 2128; x_wconf 91' lang='lat' dir='ltr'><strong>p.</strong></span> <span class='ocrx_word' id='word_1_113' title='bbox 1667 2062 1801 2113; x_wconf 78' lang='lat'>344:</span> <span class='ocrx_word' id='word_1_114' title='bbox 1838 2058 1996 2130; x_wconf 81' lang='grc' dir='ltr'><strong><em>ἐργο-</em></strong></span> 
     </span>
     <span class='ocr_line' id='line_1_20' title="bbox 142 2143 1994 2217; baseline 0 -17"><span class='ocrx_word' id='word_1_115' title='bbox 142 2145 308 2213; x_wconf 85' lang='grc' dir='ltr'><strong><em>δότης</em></strong></span> <span class='ocrx_word' id='word_1_116' title='bbox 344 2144 409 2200; x_wconf 80' lang='grc' dir='ltr'><strong>οὗ</strong></span> <span class='ocrx_word' id='word_1_117' title='bbox 451 2151 654 2211; x_wconf 77' lang='grc' dir='ltr'><strong><em>κεῖται,</em></strong></span> <span class='ocrx_word' id='word_1_118' title='bbox 708 2148 771 2199; x_wconf 82' lang='grc' dir='ltr'><strong>τὸ</strong></span> <span class='ocrx_word' id='word_1_119' title='bbox 811 2148 868 2199; x_wconf 78' lang='grc' dir='ltr'><strong><em>δὲ</em></strong></span> <span class='ocrx_word' id='word_1_120' title='bbox 916 2147 1336 2216; x_wconf 77' lang='grc' dir='ltr'><strong><em>ἐργοδοτεῖν</em></strong></span> <span class='ocrx_word' id='word_1_121' title='bbox 1375 2143 1526 2217; x_wconf 80' lang='grc' dir='ltr'><strong><em>παρά</em></strong></span> <span class='ocrx_word' id='word_1_122' title='bbox 1565 2165 1673 2200; x_wconf 88' lang='grc' dir='ltr'><strong><em>τινι</em></strong></span> <span class='ocrx_word' id='word_1_123' title='bbox 1711 2147 1820 2200; x_wconf 84' lang='grc' dir='ltr'><strong>τῶν</strong></span> <span class='ocrx_word' id='word_1_124' title='bbox 1856 2166 1994 2200; x_wconf 79' lang='grc' dir='ltr'><strong><em>νεω-</em></strong></span> 
     </span>
     <span class='ocr_line' id='line_1_21' title="bbox 142 2228 1529 2310; baseline -0.001 -20"><span class='ocrx_word' id='word_1_125' title='bbox 142 2238 312 2309; x_wconf 79' lang='grc' dir='ltr'><strong><em>τέρων</em></strong></span> <span class='ocrx_word' id='word_1_126' title='bbox 346 2236 639 2310; x_wconf 74' lang='grc' dir='ltr'><strong><em>κωμῳδῶν,</em></strong></span> <span class='ocrx_word' id='word_1_127' title='bbox 677 2228 760 2298; x_wconf 75' lang='grc' dir='ltr'><strong>οἷς</strong></span> <span class='ocrx_word' id='word_1_128' title='bbox 795 2237 890 2287; x_wconf 83' lang='grc' dir='ltr'><strong><em>καὶ</em></strong></span> <span class='ocrx_word' id='word_1_129' title='bbox 929 2232 1117 2298; x_wconf 84' lang='grc' dir='ltr'><strong><em>αὐτοῖς</em></strong></span> <span class='ocrx_word' id='word_1_130' title='bbox 1155 2233 1221 2288; x_wconf 86' lang='grc' dir='ltr'><strong>οὐ</strong></span> <span class='ocrx_word' id='word_1_131' title='bbox 1261 2237 1529 2288; x_wconf 74' lang='grc' dir='ltr'><strong><em>πειστέον.</em></strong></span> 
     </span>
    </p>
   </div>
   <div class='ocr_carea' id='block_1_10' title="bbox 905 2386 1238 2394">
    <p class='ocr_par' dir='ltr' id='par_1_10' title="bbox 905 2386 1238 2394">
     <span class='ocr_line' id='line_1_22' title="bbox 905 2386 1238 2394; baseline 0 1524"><span class='ocrx_word' id='word_1_132' title='bbox 905 2386 1238 2394; x_wconf 95' lang='lat' dir='ltr'><strong> </strong></span> 
     </span>
    </p>
   </div>
   <div class='ocr_carea' id='block_1_11' title="bbox 142 2482 2004 3537">
    <p class='ocr_par' dir='ltr' id='par_1_11' title="bbox 142 2482 2004 3537">
     <span class='ocr_line' id='line_1_23' title="bbox 282 2482 1997 2556; baseline -0.001 -15"><span class='ocrx_word' id='word_1_133' title='bbox 282 2489 481 2541; x_wconf 86' lang='lat' dir='ltr'><strong>Addam</strong></span> <span class='ocrx_word' id='word_1_134' title='bbox 523 2489 603 2539; x_wconf 80' lang='lat' dir='ltr'><strong>his</strong></span> <span class='ocrx_word' id='word_1_135' title='bbox 644 2490 814 2539; x_wconf 90' lang='lat' dir='ltr'><strong>locum</strong></span> <span class='ocrx_word' id='word_1_136' title='bbox 854 2489 1081 2555; x_wconf 81' lang='lat' dir='ltr'><strong>Etymol.</strong></span> <span class='ocrx_word' id='word_1_137' title='bbox 1122 2488 1255 2538; x_wconf 87' lang='lat' dir='ltr'><strong>Gud.</strong></span> <span class='ocrx_word' id='word_1_138' title='bbox 1297 2506 1348 2556; x_wconf 88' lang='lat' dir='ltr'><strong>p.</strong></span> <span class='ocrx_word' id='word_1_139' title='bbox 1389 2488 1492 2538; x_wconf 75' lang='lat'><strong>342</strong></span> <span class='ocrx_word' id='word_1_140' title='bbox 1531 2486 1617 2538; x_wconf 83' lang='lat'><strong>35.</strong></span> <span class='ocrx_word' id='word_1_141' title='bbox 1659 2482 1922 2555; x_wconf 76' lang='grc' dir='ltr'><strong><em>Κράδηε</em></strong></span> <span class='ocrx_word' id='word_1_142' title='bbox 1963 2483 1997 2551; x_wconf 80' lang='grc' dir='ltr'><em>ἦ</em></span> 
     </span>
     <span class='ocr_line' id='line_1_24' title="bbox 143 2561 1999 2650; baseline 0 -23"><span class='ocrx_word' id='word_1_143' title='bbox 143 2574 300 2638; x_wconf 74' lang='grc' dir='ltr'><strong><em>συκῆ,</em></strong></span> <span class='ocrx_word' id='word_1_144' title='bbox 338 2574 429 2627; x_wconf 78' lang='grc' dir='ltr'><strong><em>διὰ</em></strong></span> <span class='ocrx_word' id='word_1_145' title='bbox 474 2573 532 2627; x_wconf 86' lang='grc' dir='ltr'><strong>τὸ</strong></span> <span class='ocrx_word' id='word_1_146' title='bbox 572 2574 805 2643; x_wconf 70' lang='grc' dir='ltr'><strong><em>συνεχῶς</em></strong></span> <span class='ocrx_word' id='word_1_147' title='bbox 843 2573 1276 2643; x_wconf 69' lang='grc' dir='ltr'><strong><em>κραδαίνεσθαι.</em></strong></span> <span class='ocrx_word' id='word_1_148' title='bbox 1342 2561 1521 2644; x_wconf 64' lang='grc' dir='ltr'><strong>ς,Ωρος</strong></span> <span class='ocrx_word' id='word_1_149' title='bbox 1559 2573 1633 2646; x_wconf 75' lang='grc' dir='ltr'><strong>τῷ</strong></span> <span class='ocrx_word' id='word_1_150' title='bbox 1677 2572 1999 2650; x_wconf 77' lang='grc' dir='ltr'><strong><em>Θηριππίδῃ</em></strong></span> 
     </span>
     <span class='ocr_line' id='line_1_25' title="bbox 143 2657 2000 2733; baseline 0.001 -18"><span class='ocrx_word' id='word_1_151' title='bbox 143 2661 262 2716; x_wconf 81' lang='grc' dir='ltr'><strong><em>ἔστι</em></strong></span> <span class='ocrx_word' id='word_1_152' title='bbox 315 2662 499 2733; x_wconf 65' lang='grc' dir='ltr'><strong><em>πατὴρ</em></strong></span> <span class='ocrx_word' id='word_1_153' title='bbox 547 2661 779 2732; x_wconf 80' lang='grc' dir='ltr'><strong><em>κύμινον</em></strong></span> <span class='ocrx_word' id='word_1_154' title='bbox 827 2666 922 2715; x_wconf 87' lang='grc' dir='ltr'><strong><em>καὶ</em></strong></span> <span class='ocrx_word' id='word_1_155' title='bbox 969 2659 1145 2731; x_wconf 84' lang='grc' dir='ltr'><strong><em>μόνον</em></strong></span> <span class='ocrx_word' id='word_1_156' title='bbox 1184 2657 1308 2714; x_wconf 59' lang='grc' dir='ltr'><strong>οὒτ’</strong></span> <span class='ocrx_word' id='word_1_157' title='bbox 1351 2657 1631 2731; x_wconf 71' lang='grc' dir='ltr'><strong><em>ἁρηχεύων</em></strong></span> <span class='ocrx_word' id='word_1_158' title='bbox 1687 2662 1812 2726; x_wconf 78' lang='grc' dir='ltr'><strong><em>τοὺς</em></strong></span> <span class='ocrx_word' id='word_1_159' title='bbox 1850 2665 2000 2716; x_wconf 49' lang='lat' dir='ltr'><strong>evaz-</strong></span> 
     </span>
     <span class='ocr_line' id='line_1_26' title="bbox 142 2750 1999 2822; baseline 0.002 -18"><span class='ocrx_word' id='word_1_160' title='bbox 142 2750 272 2814; x_wconf 83' lang='grc' dir='ltr'><strong>λοὺς</strong></span> <span class='ocrx_word' id='word_1_161' title='bbox 309 2751 418 2803; x_wconf 85' lang='grc' dir='ltr'><strong>τῶν</strong></span> <span class='ocrx_word' id='word_1_162' title='bbox 454 2750 688 2822; x_wconf 79' lang='grc' dir='ltr'><strong><em>κραδῶν.</em></strong></span> <span class='ocrx_word' id='word_1_163' title='bbox 782 2755 982 2820; x_wconf 81' lang='lat' dir='ltr'><strong>Quibus</strong></span> <span class='ocrx_word' id='word_1_164' title='bbox 1021 2756 1071 2804; x_wconf 92' lang='lat' dir='ltr'><strong>in</strong></span> <span class='ocrx_word' id='word_1_165' title='bbox 1113 2755 1285 2804; x_wconf 80' lang='lat' dir='ltr'><strong>verbis</strong></span> <span class='ocrx_word' id='word_1_166' title='bbox 1323 2760 1474 2804; x_wconf 82' lang='lat' dir='ltr'><strong>acute</strong></span> <span class='ocrx_word' id='word_1_167' title='bbox 1515 2753 1834 2805; x_wconf 84' lang='lat' dir='ltr'><strong>Ritschelius</strong></span> <span class='ocrx_word' id='word_1_168' title='bbox 1874 2755 1999 2808; x_wconf 76' lang='lat' dir='ltr'><strong>diss,</strong></span> 
     </span>
     <span class='ocr_line' id='line_1_27' title="bbox 145 2837 2002 2911; baseline 0.001 -17"><span class='ocrx_word' id='word_1_169' title='bbox 145 2843 213 2894; x_wconf 82' lang='lat' dir='ltr'><strong>de</strong></span> <span class='ocrx_word' id='word_1_170' title='bbox 252 2844 447 2894; x_wconf 83' lang='lat' dir='ltr'><strong>Orione</strong></span> <span class='ocrx_word' id='word_1_171' title='bbox 485 2861 536 2911; x_wconf 86' lang='lat' dir='ltr'><strong>p.</strong></span> <span class='ocrx_word' id='word_1_172' title='bbox 577 2845 645 2894; x_wconf 82' lang='lat'><strong>39</strong></span> <span class='ocrx_word' id='word_1_173' title='bbox 698 2843 1005 2910; x_wconf 81' lang='lat' dir='ltr'><strong>Apollodori</strong></span> <span class='ocrx_word' id='word_1_174' title='bbox 1044 2843 1272 2893; x_wconf 80' lang='lat' dir='ltr'><strong>fabulam</strong></span> <span class='ocrx_word' id='word_1_175' title='bbox 1317 2837 1667 2911; x_wconf 82' lang='grc' dir='ltr'><strong><em>Θηριππίδης</em></strong></span> <span class='ocrx_word' id='word_1_176' title='bbox 1702 2843 2002 2911; x_wconf 80' lang='lat' dir='ltr'><strong>inscriptam</strong></span> 
     </span>
     <span class='ocr_line' id='line_1_28' title="bbox 146 2924 2003 2998; baseline 0 -16"><span class='ocrx_word' id='word_1_177' title='bbox 146 2933 540 2983; x_wconf 84' lang='lat' dir='ltr'><strong>commemorari</strong></span> <span class='ocrx_word' id='word_1_178' title='bbox 570 2933 806 2994; x_wconf 82' lang='lat' dir='ltr'><strong>coniecit,</strong></span> <span class='ocrx_word' id='word_1_179' title='bbox 830 2933 998 2982; x_wconf 90' lang='lat' dir='ltr'><strong>locum</strong></span> <span class='ocrx_word' id='word_1_180' title='bbox 1025 2933 1097 2981; x_wconf 86' lang='lat' dir='ltr'><strong>ita</strong></span> <span class='ocrx_word' id='word_1_181' title='bbox 1123 2933 1473 2982; x_wconf 83' lang='lat' dir='ltr'><strong>constituens:</strong></span> <span class='ocrx_word' id='word_1_182' title='bbox 1510 2925 1741 2998; x_wconf 71' lang='grc' dir='ltr'><strong><em>Κράδηε</em></strong></span> <span class='ocrx_word' id='word_1_183' title='bbox 1783 2924 1817 2993; x_wconf 84' lang='grc' dir='ltr'>ἡ</span> <span class='ocrx_word' id='word_1_184' title='bbox 1848 2930 2003 2994; x_wconf 79' lang='grc' dir='ltr'><strong><em>συκῆ,</em></strong></span> 
     </span>
     <span class='ocr_line' id='line_1_29' title="bbox 144 3005 2004 3091; baseline 0 -22"><span class='ocrx_word' id='word_1_185' title='bbox 144 3017 239 3070; x_wconf 75' lang='grc' dir='ltr'><strong><em>διὰ</em></strong></span> <span class='ocrx_word' id='word_1_186' title='bbox 276 3017 340 3070; x_wconf 83' lang='grc' dir='ltr'><strong>τὸ</strong></span> <span class='ocrx_word' id='word_1_187' title='bbox 378 3018 613 3088; x_wconf 72' lang='grc' dir='ltr'><strong><em>συνεχῶς</em></strong></span> <span class='ocrx_word' id='word_1_188' title='bbox 648 3005 1304 3088; x_wconf 68' lang='lat' dir='ltr'><strong>upadaive019ccc.³.5290;·.</strong></span> <span class='ocrx_word' id='word_1_189' title='bbox 1364 3011 1797 3088; x_wconf 79' lang='grc' dir='ltr'><strong><em>Ἀπολλόδωρος</em></strong></span> <span class='ocrx_word' id='word_1_190' title='bbox 1833 3017 1890 3069; x_wconf 80' lang='grc' dir='ltr'><strong>ἐν</strong></span> <span class='ocrx_word' id='word_1_191' title='bbox 1931 3018 2004 3091; x_wconf 77' lang='grc' dir='ltr'><strong>τῷ</strong></span> 
     </span>
     <span class='ocr_line' id='line_1_30' title="bbox 151 3093 2001 3179; baseline 0.001 -21"><span class='ocrx_word' id='word_1_192' title='bbox 151 3103 504 3179; x_wconf 84' lang='grc' dir='ltr'><strong><em>Θηριππίδῃ·</em></strong></span> <span class='ocrx_word' id='word_1_193' title='bbox 546 3104 696 3159; x_wconf 79' lang='grc' dir='ltr'><strong><em>ἔστιν</em></strong></span> <span class='ocrx_word' id='word_1_194' title='bbox 733 3105 916 3178; x_wconf 81' lang='grc' dir='ltr'><strong><em>πατὴρ</em></strong></span> <span class='ocrx_word' id='word_1_195' title='bbox 953 3102 1182 3176; x_wconf 85' lang='grc' dir='ltr'><strong><em>κύμινον</em></strong></span> <span class='ocrx_word' id='word_1_196' title='bbox 1221 3093 1395 3170; x_wconf 80' lang='grc' dir='ltr'><strong><em>(αὖον</em></strong></span> <span class='ocrx_word' id='word_1_197' title='bbox 1430 3104 1686 3173; x_wconf 73' lang='grc' dir='ltr'><strong><em>ἐσθίων)</em></strong></span> <span class='ocrx_word' id='word_1_198' title='bbox 1722 3103 1897 3175; x_wconf 87' lang='grc' dir='ltr'><strong><em>μόνον</em></strong></span> <span class='ocrx_word' id='word_1_199' title='bbox 1934 3104 2001 3159; x_wconf 86' lang='grc' dir='ltr'><strong>οὐ</strong></span> 
     </span>
     <span class='ocr_line' id='line_1_31' title="bbox 144 3192 1998 3265; baseline 0.002 -18"><span class='ocrx_word' id='word_1_200' title='bbox 144 3192 446 3265; x_wconf 68' lang='grc' dir='ltr'><strong><em>ταριχιίων</em></strong></span> <span class='ocrx_word' id='word_1_201' title='bbox 496 3214 548 3247; x_wconf 75' lang='grc' dir='ltr'><strong>τε</strong></span> <span class='ocrx_word' id='word_1_202' title='bbox 604 3194 855 3259; x_wconf 71' lang='grc' dir='ltr'><strong><em>θαλλοὺς</em></strong></span> <span class='ocrx_word' id='word_1_203' title='bbox 903 3195 1010 3248; x_wconf 81' lang='grc' dir='ltr'><strong>τῶν</strong></span> <span class='ocrx_word' id='word_1_204' title='bbox 1057 3195 1294 3265; x_wconf 78' lang='grc' dir='ltr'><strong><em>κραδῶν.</em></strong></span> <span class='ocrx_word' id='word_1_205' title='bbox 1369 3198 1590 3249; x_wconf 84' lang='lat' dir='ltr'><strong>Probavi</strong></span> <span class='ocrx_word' id='word_1_206' title='bbox 1628 3199 1760 3249; x_wconf 82' lang='lat' dir='ltr'><strong>hae‘c</strong></span> <span class='ocrx_word' id='word_1_207' title='bbox 1799 3200 1998 3251; x_wconf 87' lang='lat' dir='ltr'><strong>Histor.</strong></span> 
     </span>
     <span class='ocr_line' id='line_1_32' title="bbox 149 3287 2000 3355; baseline 0 -17"><span class='ocrx_word' id='word_1_208' title='bbox 149 3288 264 3338; x_wconf 86' lang='lat' dir='ltr'><strong>crit.</strong></span> <span class='ocrx_word' id='word_1_209' title='bbox 303 3305 353 3355; x_wconf 89' lang='lat' dir='ltr'><strong>p.</strong></span> <span class='ocrx_word' id='word_1_210' title='bbox 391 3288 514 3339; x_wconf 78' lang='lat'><strong>468.</strong></span> <span class='ocrx_word' id='word_1_211' title='bbox 599 3289 749 3340; x_wconf 71' lang='lat' dir='ltr'><strong>Nunc</strong></span> <span class='ocrx_word' id='word_1_212' title='bbox 797 3305 855 3340; x_wconf 85' lang='lat' dir='ltr'><strong>rc</strong></span> <span class='ocrx_word' id='word_1_213' title='bbox 904 3289 1092 3339; x_wconf 85' lang='lat' dir='ltr'><strong>iterum</strong></span> <span class='ocrx_word' id='word_1_214' title='bbox 1133 3288 1388 3355; x_wconf 85' lang='lat' dir='ltr'><strong>pensitata</strong></span> <span class='ocrx_word' id='word_1_215' title='bbox 1429 3287 1665 3339; x_wconf 82' lang='lat' dir='ltr'><strong>dubitare</strong></span> <span class='ocrx_word' id='word_1_216' title='bbox 1715 3288 1890 3355; x_wconf 80' lang='lat' dir='ltr'><strong>coepi3</strong></span> <span class='ocrx_word' id='word_1_217' title='bbox 1939 3303 2000 3338; x_wconf 93' lang='lat' dir='ltr'><strong>ac</strong></span> 
     </span>
     <span class='ocr_line' id='line_1_33' title="bbox 147 3376 1998 3444; baseline 0.001 -17"><span class='ocrx_word' id='word_1_218' title='bbox 147 3392 334 3428; x_wconf 80' lang='lat' dir='ltr'><strong>vereor</strong></span> <span class='ocrx_word' id='word_1_219' title='bbox 370 3393 436 3428; x_wconf 83' lang='lat' dir='ltr'><strong>ne</strong></span> <span class='ocrx_word' id='word_1_220' title='bbox 476 3376 695 3443; x_wconf 81' lang='lat' dir='ltr'><strong>prosaici</strong></span> <span class='ocrx_word' id='word_1_221' title='bbox 731 3378 998 3444; x_wconf 84' lang='lat' dir='ltr'><strong>scriptoris</strong></span> <span class='ocrx_word' id='word_1_222' title='bbox 1037 3377 1194 3427; x_wconf 82' lang='lat' dir='ltr'><strong>verba</strong></span> <span class='ocrx_word' id='word_1_223' title='bbox 1243 3377 1522 3429; x_wconf 82' lang='lat' dir='ltr'><strong>habeamus</strong></span> <span class='ocrx_word' id='word_1_224' title='bbox 1559 3378 1613 3429; x_wconf 90' lang='lat' dir='ltr'><strong>in</strong></span> <span class='ocrx_word' id='word_1_225' title='bbox 1652 3377 1792 3427; x_wconf 86' lang='lat' dir='ltr'><strong>hunc</strong></span> <span class='ocrx_word' id='word_1_226' title='bbox 1829 3376 1998 3428; x_wconf 79' lang='lat' dir='ltr'><strong>ferme</strong></span> 
     </span>
     <span class='ocr_line' id='line_1_34' title="bbox 149 3458 1998 3537; baseline -0.003 -19"><span class='ocrx_word' id='word_1_227' title='bbox 149 3465 357 3518; x_wconf 83' lang='lat' dir='ltr'><strong>modum</strong></span> <span class='ocrx_word' id='word_1_228' title='bbox 390 3466 692 3519; x_wconf 79' lang='lat' dir='ltr'><strong>scribenda:</strong></span> <span class='ocrx_word' id='word_1_229' title='bbox 732 3462 805 3537; x_wconf 78' lang='grc' dir='ltr'><strong>τῷ</strong></span> <span class='ocrx_word' id='word_1_230' title='bbox 824 3459 1146 3536; x_wconf 83' lang='grc' dir='ltr'><strong><em>Θηριππίδῃ</em></strong></span> <span class='ocrx_word' id='word_1_231' title='bbox 1182 3462 1298 3517; x_wconf 83' lang='grc' dir='ltr'><strong><em>ἐστὶ</em></strong></span> <span class='ocrx_word' id='word_1_232' title='bbox 1338 3461 1521 3535; x_wconf 72' lang='grc' dir='ltr'><strong><em>πατὴρ</em></strong></span> <span class='ocrx_word' id='word_1_233' title='bbox 1557 3458 1785 3533; x_wconf 85' lang='grc' dir='ltr'><strong><em>κύμινον</em></strong></span> <span class='ocrx_word' id='word_1_234' title='bbox 1823 3459 1998 3533; x_wconf 80' lang='grc' dir='ltr'><strong><em>πρίων</em></strong></span> 
     </span>
    </p>
   </div>
  </div>
 </body>
</html>
