<?xml version="1.0" encoding="UTF-8"?>
<!DOCTYPE html PUBLIC "-//W3C//DTD XHTML 1.0 Transitional//EN"
    "http://www.w3.org/TR/xhtml1/DTD/xhtml1-transitional.dtd">
<html xmlns="http://www.w3.org/1999/xhtml" xml:lang="en" lang="en">
 <head>
  <title>
</title>
<meta http-equiv="Content-Type" content="text/html;charset=utf-8" />
  <meta name='ocr-system' content='tesseract 3.04.00' />
  <meta name='ocr-capabilities' content='ocr_page ocr_carea ocr_par ocr_line ocrx_word'/>
</head>
<body>
  <div class='ocr_page' id='page_1' title='image "./fragmentacomicor04meinuoft/fragmentacomicor04meinuoft_0068.png"; bbox 0 0 2202 3918; ppageno 0'>
   <div class='ocr_carea' id='block_1_1' title="bbox 236 198 1394 254">
    <p class='ocr_par' dir='ltr' id='par_1_1' title="bbox 236 198 1394 254">
     <span class='ocr_line' id='line_1_1' title="bbox 236 198 1394 254; baseline 0.001 -1"><span class='ocrx_word' id='word_1_1' title='bbox 236 201 308 253; x_wconf 73' lang='lat'><em>46</em></span> <span class='ocrx_word' id='word_1_2' title='bbox 948 198 1394 254; x_wconf 75' lang='lat' dir='ltr'><strong>PHILEMONIS</strong></span> 
     </span>
    </p>
   </div>
   <div class='ocr_carea' id='block_1_2' title="bbox 232 339 2080 1037">
    <p class='ocr_par' dir='ltr' id='par_1_2' title="bbox 232 339 2080 1037">
     <span class='ocr_line' id='line_1_2' title="bbox 1038 339 1285 392; baseline 0.004 -1"><span class='ocrx_word' id='word_1_3' title='bbox 1038 339 1285 392; x_wconf 84' lang='lat' dir='ltr'><strong>XXXIII.</strong></span> 
     </span>
     <span class='ocr_line' id='line_1_3' title="bbox 829 437 1760 523; baseline 0.011 -31"><span class='ocrx_word' id='word_1_4' title='bbox 829 437 945 492; x_wconf 88' lang='grc' dir='ltr'><em>Τὸν</em></span> <span class='ocrx_word' id='word_1_5' title='bbox 981 439 1209 510; x_wconf 82' lang='grc' dir='ltr'><em>βολβόν,</em></span> <span class='ocrx_word' id='word_1_6' title='bbox 1247 439 1300 494; x_wconf 88' lang='grc' dir='ltr'><em>εἰ</em></span> <span class='ocrx_word' id='word_1_7' title='bbox 1332 437 1534 523; x_wconf 76' lang='grc' dir='ltr'><em>βούλει,</em></span> <span class='ocrx_word' id='word_1_8' title='bbox 1571 443 1760 502; x_wconf 73' lang='grc' dir='ltr'><em>σκόπει</em></span> 
     </span>
     <span class='ocr_line' id='line_1_4' title="bbox 445 541 1673 619; baseline 0.002 -17"><span class='ocrx_word' id='word_1_9' title='bbox 445 542 552 602; x_wconf 73' lang='grc' dir='ltr'><em>ὅσα</em></span> <span class='ocrx_word' id='word_1_10' title='bbox 591 541 921 611; x_wconf 80' lang='grc' dir='ltr'><strong><em>δαπανήσας</em></strong></span> <span class='ocrx_word' id='word_1_11' title='bbox 958 543 1248 618; x_wconf 82' lang='grc' dir='ltr'><em>εὐδοκιμεῖ,</em></span> <span class='ocrx_word' id='word_1_12' title='bbox 1301 545 1483 619; x_wconf 86' lang='grc' dir='ltr'><em>τυρόν,</em></span> <span class='ocrx_word' id='word_1_13' title='bbox 1520 551 1673 619; x_wconf 81' lang='grc' dir='ltr'>μὲλι,,</span> 
     </span>
     <span class='ocr_line' id='line_1_5' title="bbox 446 649 1775 728; baseline 0.002 -20"><span class='ocrx_word' id='word_1_14' title='bbox 446 651 722 723; x_wconf 81' lang='grc' dir='ltr'><em>σήσαμον,</em></span> <span class='ocrx_word' id='word_1_15' title='bbox 760 649 962 720; x_wconf 81' lang='grc' dir='ltr'><em>ἔλαιον,</em></span> <span class='ocrx_word' id='word_1_16' title='bbox 998 649 1298 725; x_wconf 79' lang='grc' dir='ltr'><em>κρόμμυον,</em></span> <span class='ocrx_word' id='word_1_17' title='bbox 1337 651 1478 721; x_wconf 77' lang='grc' dir='ltr'><em>ὄξος,</em></span> <span class='ocrx_word' id='word_1_18' title='bbox 1517 654 1775 728; x_wconf 68' lang='grc' dir='ltr'><em>σίλφιον·</em></span> 
     </span>
     <span class='ocr_line' id='line_1_6' title="bbox 441 754 1887 835; baseline 0.004 -25"><span class='ocrx_word' id='word_1_19' title='bbox 441 756 609 821; x_wconf 81' lang='grc' dir='ltr'><em>αὐτὸς</em></span> <span class='ocrx_word' id='word_1_20' title='bbox 645 754 709 810; x_wconf 77' lang='grc' dir='ltr'><em>δ’</em></span> <span class='ocrx_word' id='word_1_21' title='bbox 753 755 844 829; x_wconf 77' lang='grc' dir='ltr'><em>ἐφ’</em></span> <span class='ocrx_word' id='word_1_22' title='bbox 886 756 1060 813; x_wconf 82' lang='grc' dir='ltr'><em>αὑτοῦ</em></span> <span class='ocrx_word' id='word_1_23' title='bbox 1092 757 1238 814; x_wconf 75' lang='grc' dir='ltr'><em>’στιν</em></span> <span class='ocrx_word' id='word_1_24' title='bbox 1275 760 1514 832; x_wconf 81' lang='grc' dir='ltr'><em>πονηρὸς</em></span> <span class='ocrx_word' id='word_1_25' title='bbox 1549 765 1644 816; x_wconf 87' lang='grc' dir='ltr'><em>καὶ</em></span> <span class='ocrx_word' id='word_1_26' title='bbox 1682 759 1887 835; x_wconf 82' lang='grc' dir='ltr'><em>πικρός.</em></span> 
     </span>
     <span class='ocr_line' id='line_1_7' title="bbox 372 874 2080 946; baseline 0.002 -20"><span class='ocrx_word' id='word_1_27' title='bbox 372 876 672 927; x_wconf 78' lang='lat' dir='ltr'><strong>Athenaeus</strong></span> <span class='ocrx_word' id='word_1_28' title='bbox 711 875 764 927; x_wconf 92' lang='lat'><em>11</em></span> <span class='ocrx_word' id='word_1_29' title='bbox 801 893 852 944; x_wconf 89' lang='lat' dir='ltr'><em>p.</em></span> <span class='ocrx_word' id='word_1_30' title='bbox 890 877 960 928; x_wconf 82' lang='lat'><em>64</em></span> <span class='ocrx_word' id='word_1_31' title='bbox 979 894 1032 928; x_wconf 90' lang='lat' dir='ltr'><em>e:</em></span> <span class='ocrx_word' id='word_1_32' title='bbox 1074 876 1197 946; x_wconf 85' lang='grc' dir='ltr'><em>περὶ</em></span> <span class='ocrx_word' id='word_1_33' title='bbox 1247 874 1305 927; x_wconf 81' lang='grc' dir='ltr'><em>δὲ</em></span> <span class='ocrx_word' id='word_1_34' title='bbox 1342 875 1438 938; x_wconf 82' lang='grc' dir='ltr'><em>τῆς</em></span> <span class='ocrx_word' id='word_1_35' title='bbox 1476 874 1587 928; x_wconf 87' lang='grc' dir='ltr'><em>τῶν</em></span> <span class='ocrx_word' id='word_1_36' title='bbox 1625 877 1848 946; x_wconf 79' lang='grc' dir='ltr'><em>βολβῶν</em></span> <span class='ocrx_word' id='word_1_37' title='bbox 1886 896 2080 931; x_wconf 87' lang='grc' dir='ltr'><em>σκευα-</em></span> 
     </span>
     <span class='ocr_line' id='line_1_8' title="bbox 232 958 2080 1037; baseline 0.003 -23"><span class='ocrx_word' id='word_1_38' title='bbox 232 958 357 1022; x_wconf 86' lang='grc' dir='ltr'><em>σίας</em></span> <span class='ocrx_word' id='word_1_39' title='bbox 418 958 686 1029; x_wconf 80' lang='grc' dir='ltr'><em>Φιλήμων</em></span> <span class='ocrx_word' id='word_1_40' title='bbox 739 959 881 1031; x_wconf 84' lang='grc' dir='ltr'><em>φησί</em></span> <span class='ocrx_word' id='word_1_41' title='bbox 941 963 1053 1016; x_wconf 88' lang='grc' dir='ltr'><em>Τὸν</em></span> <span class='ocrx_word' id='word_1_42' title='bbox 1108 961 1318 1033; x_wconf 77' lang='grc' dir='ltr'><em>βολβόν</em></span> <span class='ocrx_word' id='word_1_43' title='bbox 1366 964 1479 1017; x_wconf 87' lang='grc' dir='ltr'><em>κτλ.</em></span> <span class='ocrx_word' id='word_1_44' title='bbox 1527 983 1530 991; x_wconf 76' lang='grc'><em>’</em></span> <span class='ocrx_word' id='word_1_45' title='bbox 1571 969 1659 1020; x_wconf 88' lang='lat' dir='ltr'><em>Vs.</em></span> <span class='ocrx_word' id='word_1_46' title='bbox 1709 971 1743 1019; x_wconf 84' lang='lat'><strong>3</strong></span> <span class='ocrx_word' id='word_1_47' title='bbox 1797 975 2080 1037; x_wconf 81' lang='lat' dir='ltr'><strong>praeeunte</strong></span> 
     </span>
    </p>
   </div>
   <div class='ocr_carea' id='block_1_3' title="bbox 229 1049 2079 1198">
    <p class='ocr_par' dir='ltr' id='par_1_3' title="bbox 229 1049 2079 1198">
     <span class='ocr_line' id='line_1_9' title="bbox 229 1049 2079 1126; baseline 0.004 -23"><span class='ocrx_word' id='word_1_48' title='bbox 229 1051 724 1119; x_wconf 81' lang='lat' dir='ltr'><strong>Schweighaeusero</strong></span> <span class='ocrx_word' id='word_1_49' title='bbox 776 1055 960 1121; x_wconf 85' lang='lat' dir='ltr'><strong>scripsi</strong></span> <span class='ocrx_word' id='word_1_50' title='bbox 1006 1049 1303 1123; x_wconf 83' lang='grc' dir='ltr'><em>κρόμμυον.</em></span> <span class='ocrx_word' id='word_1_51' title='bbox 1408 1056 1550 1106; x_wconf 83' lang='lat' dir='ltr'><strong>Libri</strong></span> <span class='ocrx_word' id='word_1_52' title='bbox 1611 1049 1851 1126; x_wconf 80' lang='grc' dir='ltr'><em>κρόμυον</em></span> <span class='ocrx_word' id='word_1_53' title='bbox 1901 1065 2079 1111; x_wconf 80' lang='lat' dir='ltr'><strong>contra</strong></span> 
     </span>
     <span class='ocr_line' id='line_1_10' title="bbox 230 1137 1573 1198; baseline 0.003 -6"><span class='ocrx_word' id='word_1_54' title='bbox 230 1155 382 1192; x_wconf 87' lang='lat' dir='ltr'><strong>usum</strong></span> <span class='ocrx_word' id='word_1_55' title='bbox 420 1142 726 1194; x_wconf 75' lang='lat' dir='ltr'><strong>Atticorum.</strong></span> <span class='ocrx_word' id='word_1_56' title='bbox 767 1175 833 1184; x_wconf 93' lang='lat'><em>--</em></span> <span class='ocrx_word' id='word_1_57' title='bbox 876 1144 964 1197; x_wconf 89' lang='lat' dir='ltr'><em>Vs.</em></span> <span class='ocrx_word' id='word_1_58' title='bbox 1003 1144 1038 1194; x_wconf 85' lang='lat'>4</span> <span class='ocrx_word' id='word_1_59' title='bbox 1074 1145 1194 1196; x_wconf 86' lang='lat' dir='ltr'><strong>libri</strong></span> <span class='ocrx_word' id='word_1_60' title='bbox 1231 1137 1405 1194; x_wconf 84' lang='grc' dir='ltr'><em>αὐτοῦ</em></span> <span class='ocrx_word' id='word_1_61' title='bbox 1440 1140 1573 1198; x_wconf 81' lang='grc' dir='ltr'><em>ἐστι.</em></span> 
     </span>
    </p>
   </div>
   <div class='ocr_carea' id='block_1_4' title="bbox 198 1284 2078 2221">
    <p class='ocr_par' dir='ltr' id='par_1_4' title="bbox 1008 1284 1314 1339">
     <span class='ocr_line' id='line_1_11' title="bbox 1008 1284 1314 1339; baseline 0.01 -3"><span class='ocrx_word' id='word_1_62' title='bbox 1008 1284 1232 1339; x_wconf 87' lang='lat' dir='ltr'><strong>XXXIV</strong></span> <span class='ocrx_word' id='word_1_63' title='bbox 1269 1305 1314 1339; x_wconf 83' lang='lat' dir='ltr'><em>a.</em></span> 
     </span>
    </p>

    <p class='ocr_par' dir='ltr' id='par_1_5' title="bbox 367 1391 1635 1469">
     <span class='ocr_line' id='line_1_12' title="bbox 367 1391 1635 1469; baseline 0.003 -21"><span class='ocrx_word' id='word_1_64' title='bbox 367 1391 590 1448; x_wconf 87' lang='grc' dir='ltr'><em>Βουνόν</em></span> <span class='ocrx_word' id='word_1_65' title='bbox 625 1394 715 1448; x_wconf 81' lang='grc' dir='ltr'><em>ε’πὶ</em></span> <span class='ocrx_word' id='word_1_66' title='bbox 751 1394 927 1469; x_wconf 81' lang='grc' dir='ltr'><em>ταύτῃ</em></span> <span class='ocrx_word' id='word_1_67' title='bbox 964 1394 1312 1468; x_wconf 79' lang='grc' dir='ltr'><em>παραλαβών</em></span> <span class='ocrx_word' id='word_1_68' title='bbox 1346 1393 1460 1449; x_wconf 76' lang='grc' dir='ltr'><em>ἅνω</em></span> <span class='ocrx_word' id='word_1_69' title='bbox 1497 1394 1635 1453; x_wconf 81' lang='grc' dir='ltr'><em>τινά.</em></span> 
     </span>
    </p>

    <p class='ocr_par' dir='ltr' id='par_1_6' title="bbox 366 1497 1917 1575">
     <span class='ocr_line' id='line_1_13' title="bbox 366 1497 1917 1575; baseline 0.001 -20"><span class='ocrx_word' id='word_1_70' title='bbox 366 1501 437 1555; x_wconf 86' lang='grc' dir='ltr'><em>Β.</em></span> <span class='ocrx_word' id='word_1_71' title='bbox 479 1498 560 1564; x_wconf 84' lang='grc' dir='ltr'><em>τίς</em></span> <span class='ocrx_word' id='word_1_72' title='bbox 597 1499 741 1555; x_wconf 74' lang='grc' dir='ltr'><em>ἐσθ’</em></span> <span class='ocrx_word' id='word_1_73' title='bbox 784 1500 814 1556; x_wconf 90' lang='grc' dir='ltr'>ὁ</span> <span class='ocrx_word' id='word_1_74' title='bbox 852 1497 1211 1573; x_wconf 77' lang='grc' dir='ltr'><em>βουνός,·“ἰ’να</em></span> <span class='ocrx_word' id='word_1_75' title='bbox 1246 1504 1440 1575; x_wconf 74' lang='grc' dir='ltr'><em>σαφῶς</em></span> <span class='ocrx_word' id='word_1_76' title='bbox 1478 1523 1582 1558; x_wconf 89' lang='grc' dir='ltr'><em>σου</em></span> <span class='ocrx_word' id='word_1_77' title='bbox 1617 1498 1917 1574; x_wconf 82' lang='grc' dir='ltr'><em>μανθάνω.</em></span> 
     </span>
    </p>

    <p class='ocr_par' dir='ltr' id='par_1_7' title="bbox 198 1612 2078 2221">
     <span class='ocr_line' id='line_1_14' title="bbox 366 1612 2078 1688; baseline -0.001 -17"><span class='ocrx_word' id='word_1_78' title='bbox 366 1618 697 1686; x_wconf 80' lang='lat' dir='ltr'>Phrynichus</span> <span class='ocrx_word' id='word_1_79' title='bbox 734 1622 875 1687; x_wconf 84' lang='lat' dir='ltr'><strong>Epit.</strong></span> <span class='ocrx_word' id='word_1_80' title='bbox 915 1638 966 1688; x_wconf 86' lang='lat' dir='ltr'><em>p.</em></span> <span class='ocrx_word' id='word_1_81' title='bbox 1005 1619 1126 1671; x_wconf 83' lang='lat'><strong>355.</strong></span> <span class='ocrx_word' id='word_1_82' title='bbox 1172 1613 1418 1679; x_wconf 73' lang='grc' dir='ltr'><em>Βουνόςε</em></span> <span class='ocrx_word' id='word_1_83' title='bbox 1468 1615 1669 1671; x_wconf 87' lang='grc' dir='ltr'><em>ὁθνεία</em></span> <span class='ocrx_word' id='word_1_84' title='bbox 1708 1612 1740 1681; x_wconf 79' lang='grc' dir='ltr'><strong><em>ἡ</em></strong></span> <span class='ocrx_word' id='word_1_85' title='bbox 1778 1612 1934 1686; x_wconf 77' lang='grc' dir='ltr'><em>φωνὴ</em></span> <span class='ocrx_word' id='word_1_86' title='bbox 1982 1613 2078 1678; x_wconf 80' lang='grc' dir='ltr'><em>τῆς</em></span> 
     </span>
     <span class='ocr_line' id='line_1_15' title="bbox 222 1701 2077 1780; baseline -0.003 -21"><span class='ocrx_word' id='word_1_87' title='bbox 222 1703 508 1771; x_wconf 76' lang='grc' dir='ltr'><em>Ἀττικῆς·</em></span> <span class='ocrx_word' id='word_1_88' title='bbox 556 1706 650 1757; x_wconf 84' lang='grc' dir='ltr'><em>καὶ</em></span> <span class='ocrx_word' id='word_1_89' title='bbox 688 1704 793 1776; x_wconf 76' lang='grc' dir='ltr'><em>γάρ</em></span> <span class='ocrx_word' id='word_1_90' title='bbox 829 1703 998 1769; x_wconf 83' lang='grc' dir='ltr'><em>αὐτὸς</em></span> <span class='ocrx_word' id='word_1_91' title='bbox 1035 1704 1065 1760; x_wconf 87' lang='grc' dir='ltr'><em>ὁ</em></span> <span class='ocrx_word' id='word_1_92' title='bbox 1099 1703 1443 1778; x_wconf 79' lang='grc' dir='ltr'><em>χρησάμενος</em></span> <span class='ocrx_word' id='word_1_93' title='bbox 1479 1705 1554 1780; x_wconf 78' lang='grc' dir='ltr'><em>τῷ</em></span> <span class='ocrx_word' id='word_1_94' title='bbox 1589 1701 1849 1775; x_wconf 84' lang='grc' dir='ltr'><em>ὀνόματι,</em></span> <span class='ocrx_word' id='word_1_95' title='bbox 1897 1704 2077 1765; x_wconf 86' lang='grc' dir='ltr'><em>συνεὶς</em></span> 
     </span>
     <span class='ocr_line' id='line_1_16' title="bbox 225 1789 2075 1866; baseline -0.002 -19"><span class='ocrx_word' id='word_1_96' title='bbox 225 1795 386 1861; x_wconf 81' lang='grc' dir='ltr'><em>ξένως</em></span> <span class='ocrx_word' id='word_1_97' title='bbox 425 1796 570 1859; x_wconf 80' lang='lat' dir='ltr'><strong>(fort.</strong></span> <span class='ocrx_word' id='word_1_98' title='bbox 611 1792 767 1866; x_wconf 76' lang='grc' dir='ltr'><em>ξένῳ)</em></span> <span class='ocrx_word' id='word_1_99' title='bbox 800 1791 1160 1865; x_wconf 82' lang='grc' dir='ltr'><em>χρησάμενος,</em></span> <span class='ocrx_word' id='word_1_100' title='bbox 1201 1795 1534 1864; x_wconf 80' lang='grc' dir='ltr'><em>σημαίνεται</em></span> <span class='ocrx_word' id='word_1_101' title='bbox 1567 1791 1640 1856; x_wconf 81' lang='grc' dir='ltr'><em>ὠς</em></span> <span class='ocrx_word' id='word_1_102' title='bbox 1674 1789 1909 1864; x_wconf 78' lang='grc' dir='ltr'><em>ἀσαφῶς</em></span> <span class='ocrx_word' id='word_1_103' title='bbox 1948 1792 2075 1844; x_wconf 84' lang='grc' dir='ltr'>δια-</span> 
     </span>
     <span class='ocr_line' id='line_1_17' title="bbox 224 1876 2076 1954; baseline -0.002 -18"><span class='ocrx_word' id='word_1_104' title='bbox 224 1879 539 1952; x_wconf 79' lang='grc' dir='ltr'><em>λεγόμενος·</em></span> <span class='ocrx_word' id='word_1_105' title='bbox 577 1876 826 1945; x_wconf 81' lang='grc' dir='ltr'><em>εἰπόντος</em></span> <span class='ocrx_word' id='word_1_106' title='bbox 862 1882 967 1954; x_wconf 71' lang='grc' dir='ltr'><em>γάρ</em></span> <span class='ocrx_word' id='word_1_107' title='bbox 1005 1902 1150 1947; x_wconf 84' lang='grc' dir='ltr'><em>τινος</em></span> <span class='ocrx_word' id='word_1_108' title='bbox 1185 1884 1408 1938; x_wconf 84' lang='grc' dir='ltr'><em>Βουνὸν</em></span> <span class='ocrx_word' id='word_1_109' title='bbox 1444 1919 1513 1929; x_wconf 83' lang='lat'>—</span> <span class='ocrx_word' id='word_1_110' title='bbox 1549 1878 1706 1946; x_wconf 82' lang='grc' dir='ltr'><em>τινά,</em></span> <span class='ocrx_word' id='word_1_111' title='bbox 1741 1878 1770 1934; x_wconf 90' lang='grc' dir='ltr'>ὁ</span> <span class='ocrx_word' id='word_1_112' title='bbox 1809 1881 2076 1953; x_wconf 83' lang='grc' dir='ltr'><em>προσδια-</em></span> 
     </span>
     <span class='ocr_line' id='line_1_18' title="bbox 223 1966 2070 2043; baseline -0.002 -18"><span class='ocrx_word' id='word_1_113' title='bbox 223 1969 527 2041; x_wconf 77' lang='grc' dir='ltr'><em>λεγόμενος,</em></span> <span class='ocrx_word' id='word_1_114' title='bbox 566 1966 631 2023; x_wconf 82' lang='grc' dir='ltr'><em>οὐ</em></span> <span class='ocrx_word' id='word_1_115' title='bbox 674 1974 851 2035; x_wconf 78' lang='grc' dir='ltr'><em>συνεὶς</em></span> <span class='ocrx_word' id='word_1_116' title='bbox 887 1971 951 2024; x_wconf 85' lang='grc' dir='ltr'><em>τὸ</em></span> <span class='ocrx_word' id='word_1_117' title='bbox 988 1973 1142 2039; x_wconf 79' lang='grc' dir='ltr'><em>ξένον</em></span> <span class='ocrx_word' id='word_1_118' title='bbox 1177 1977 1277 2026; x_wconf 81' lang='grc' dir='ltr'><em>τοῦ</em></span> <span class='ocrx_word' id='word_1_119' title='bbox 1313 1971 1583 2043; x_wconf 81' lang='grc' dir='ltr'><em>ὀνόματός</em></span> <span class='ocrx_word' id='word_1_120' title='bbox 1621 1988 1762 2041; x_wconf 69' lang='grc' dir='ltr'><em>φησι</em></span> <span class='ocrx_word' id='word_1_121' title='bbox 1799 1970 1895 2033; x_wconf 85' lang='grc' dir='ltr'><em>Τίς</em></span> <span class='ocrx_word' id='word_1_122' title='bbox 1932 1966 2070 2023; x_wconf 79' lang='grc' dir='ltr'><em>ἔσθ’</em></span> 
     </span>
     <span class='ocr_line' id='line_1_19' title="bbox 198 2056 2074 2139; baseline -0.001 -25"><span class='ocrx_word' id='word_1_123' title='bbox 198 2058 257 2139; x_wconf 12' lang='grc' dir='ltr'>Αὸ</span> <span class='ocrx_word' id='word_1_124' title='bbox 307 2056 506 2129; x_wconf 82' lang='grc' dir='ltr'><em>βουνός</em></span> <span class='ocrx_word' id='word_1_125' title='bbox 552 2059 666 2113; x_wconf 86' lang='grc' dir='ltr'><em>κτλ.</em></span> <span class='ocrx_word' id='word_1_126' title='bbox 708 2104 723 2115; x_wconf 30' lang='lat' dir='ltr'>x</span> <span class='ocrx_word' id='word_1_127' title='bbox 754 2064 870 2114; x_wconf 87' lang='lat' dir='ltr'><em>Non</em></span> <span class='ocrx_word' id='word_1_128' title='bbox 921 2079 983 2114; x_wconf 82' lang='lat' dir='ltr'><em>ex</em></span> <span class='ocrx_word' id='word_1_129' title='bbox 1031 2066 1208 2117; x_wconf 71' lang='lat' dir='ltr'><strong>Notho</strong></span> <span class='ocrx_word' id='word_1_130' title='bbox 1258 2066 1434 2118; x_wconf 84' lang='lat' dir='ltr'><strong>fabula</strong></span> <span class='ocrx_word' id='word_1_131' title='bbox 1484 2068 1562 2133; x_wconf 87' lang='lat' dir='ltr'><em>(p.</em></span> <span class='ocrx_word' id='word_1_132' title='bbox 1601 2066 1693 2129; x_wconf 87' lang='lat'><em>16)</em></span> <span class='ocrx_word' id='word_1_133' title='bbox 1742 2062 1837 2115; x_wconf 87' lang='lat' dir='ltr'><em>hos</em></span> <span class='ocrx_word' id='word_1_134' title='bbox 1895 2078 2074 2115; x_wconf 86' lang='lat' dir='ltr'><strong>versus</strong></span> 
     </span>
     <span class='ocr_line' id='line_1_20' title="bbox 226 2151 1108 2221; baseline 0.001 -17"><span class='ocrx_word' id='word_1_135' title='bbox 226 2154 422 2221; x_wconf 72' lang='lat' dir='ltr'><strong>petitos</strong></span> <span class='ocrx_word' id='word_1_136' title='bbox 464 2168 580 2203; x_wconf 84' lang='lat' dir='ltr'><strong>esse</strong></span> <span class='ocrx_word' id='word_1_137' title='bbox 616 2151 744 2202; x_wconf 80' lang='lat' dir='ltr'><strong>vidit</strong></span> <span class='ocrx_word' id='word_1_138' title='bbox 781 2152 1108 2205; x_wconf 75' lang='lat' dir='ltr'><strong>Duebnerus.</strong></span> 
     </span>
    </p>
   </div>
   <div class='ocr_carea' id='block_1_5' title="bbox 215 2294 2067 2957">
    <p class='ocr_par' dir='ltr' id='par_1_8' title="bbox 432 2294 1791 2576">
     <span class='ocr_line' id='line_1_21' title="bbox 998 2294 1310 2372; baseline 0 -27"><span class='ocrx_word' id='word_1_139' title='bbox 998 2294 1223 2372; x_wconf 69' lang='lat' dir='ltr'><strong>xxxiv</strong></span> <span class='ocrx_word' id='word_1_140' title='bbox 1261 2295 1310 2346; x_wconf 90' lang='lat' dir='ltr'><em>b.</em></span> 
     </span>
     <span class='ocr_line' id='line_1_22' title="bbox 437 2391 1791 2469; baseline 0.002 -18"><span class='ocrx_word' id='word_1_141' title='bbox 437 2392 703 2451; x_wconf 78' lang='grc' dir='ltr'><em>Χαλεπὸν</em></span> <span class='ocrx_word' id='word_1_142' title='bbox 739 2391 801 2465; x_wconf 79' lang='grc' dir='ltr'><em>γ’</em></span> <span class='ocrx_word' id='word_1_143' title='bbox 843 2392 1116 2468; x_wconf 82' lang='grc' dir='ltr'><em>ἀκροατὴς</em></span> <span class='ocrx_word' id='word_1_144' title='bbox 1151 2393 1409 2461; x_wconf 79' lang='grc' dir='ltr'><em>ἀσύνετος</em></span> <span class='ocrx_word' id='word_1_145' title='bbox 1441 2395 1791 2469; x_wconf 81' lang='grc' dir='ltr'><em>καθήμενος·</em></span> 
     </span>
     <span class='ocr_line' id='line_1_23' title="bbox 432 2500 1610 2576; baseline 0.003 -20"><span class='ocrx_word' id='word_1_146' title='bbox 432 2500 540 2556; x_wconf 79' lang='grc' dir='ltr'><em>ὑπὸ</em></span> <span class='ocrx_word' id='word_1_147' title='bbox 578 2500 682 2573; x_wconf 79' lang='grc' dir='ltr'><em>γὰρ</em></span> <span class='ocrx_word' id='word_1_148' title='bbox 719 2500 911 2566; x_wconf 79' lang='grc' dir='ltr'><em>ἀνοίας</em></span> <span class='ocrx_word' id='word_1_149' title='bbox 947 2500 1047 2574; x_wconf 85' lang='grc' dir='ltr'><em>οὐχ</em></span> <span class='ocrx_word' id='word_1_150' title='bbox 1083 2502 1280 2556; x_wconf 81' lang='grc' dir='ltr'><em>ἑαυτὸν</em></span> <span class='ocrx_word' id='word_1_151' title='bbox 1316 2506 1610 2576; x_wconf 81' lang='grc' dir='ltr'><em>μέμφεται.</em></span> 
     </span>
    </p>

    <p class='ocr_par' dir='ltr' id='par_1_9' title="bbox 215 2617 2067 2957">
     <span class='ocr_line' id='line_1_24' title="bbox 358 2617 2064 2691; baseline 0.002 -21"><span class='ocrx_word' id='word_1_152' title='bbox 358 2620 658 2686; x_wconf 84' lang='lat' dir='ltr'><strong>Theophyl.</strong></span> <span class='ocrx_word' id='word_1_153' title='bbox 698 2621 761 2670; x_wconf 89' lang='lat' dir='ltr'><em>ad</em></span> <span class='ocrx_word' id='word_1_154' title='bbox 799 2620 973 2672; x_wconf 81' lang='lat' dir='ltr'><strong>Autol.</strong></span> <span class='ocrx_word' id='word_1_155' title='bbox 1014 2621 1089 2671; x_wconf 90' lang='lat'><em>111</em></span> <span class='ocrx_word' id='word_1_156' title='bbox 1128 2640 1177 2689; x_wconf 89' lang='lat' dir='ltr'><em>p.</em></span> <span class='ocrx_word' id='word_1_157' title='bbox 1210 2624 1395 2673; x_wconf 73' lang='lat'>38511:</span> <span class='ocrx_word' id='word_1_158' title='bbox 1441 2617 1702 2691; x_wconf 80' lang='grc' dir='ltr'><em>καθάπερ</em></span> <span class='ocrx_word' id='word_1_159' title='bbox 1746 2621 1839 2673; x_wconf 85' lang='grc' dir='ltr'><em>καὶ</em></span> <span class='ocrx_word' id='word_1_160' title='bbox 1891 2618 1921 2672; x_wconf 87' lang='grc' dir='ltr'>ὁ</span> <span class='ocrx_word' id='word_1_161' title='bbox 1965 2621 2064 2673; x_wconf 82' lang='grc' dir='ltr'><em>Φι-</em></span> 
     </span>
     <span class='ocr_line' id='line_1_25' title="bbox 215 2701 2063 2778; baseline 0.001 -17"><span class='ocrx_word' id='word_1_162' title='bbox 215 2705 404 2777; x_wconf 80' lang='grc' dir='ltr'><em>λήμων</em></span> <span class='ocrx_word' id='word_1_163' title='bbox 445 2703 709 2760; x_wconf 79' lang='grc' dir='ltr'><em>Χαλεπὸν</em></span> <span class='ocrx_word' id='word_1_164' title='bbox 746 2701 806 2773; x_wconf 72' lang='grc' dir='ltr'><em>γ’</em></span> <span class='ocrx_word' id='word_1_165' title='bbox 846 2704 1119 2775; x_wconf 78' lang='grc' dir='ltr'><em>ἀκροατής</em></span> <span class='ocrx_word' id='word_1_166' title='bbox 1154 2708 1268 2760; x_wconf 84' lang='grc' dir='ltr'><em>κτλ.</em></span> <span class='ocrx_word' id='word_1_167' title='bbox 1361 2713 1525 2764; x_wconf 87' lang='lat' dir='ltr'><strong>Versu</strong></span> <span class='ocrx_word' id='word_1_168' title='bbox 1564 2714 1730 2778; x_wconf 83' lang='lat' dir='ltr'><strong>primo</strong></span> <span class='ocrx_word' id='word_1_169' title='bbox 1770 2712 1968 2763; x_wconf 80' lang='lat' dir='ltr'><strong>addidit</strong></span> <span class='ocrx_word' id='word_1_170' title='bbox 2004 2707 2063 2777; x_wconf 74' lang='grc' dir='ltr'><em>γ’</em></span> 
     </span>
     <span class='ocr_line' id='line_1_26' title="bbox 215 2794 2067 2867; baseline -0.001 -14"><span class='ocrx_word' id='word_1_171' title='bbox 215 2802 486 2853; x_wconf 73' lang='lat' dir='ltr'><strong>Dobraeus</strong></span> <span class='ocrx_word' id='word_1_172' title='bbox 524 2797 589 2847; x_wconf 89' lang='lat' dir='ltr'><em>ad</em></span> <span class='ocrx_word' id='word_1_173' title='bbox 628 2797 770 2848; x_wconf 84' lang='lat' dir='ltr'><strong>Plut.</strong></span> <span class='ocrx_word' id='word_1_174' title='bbox 811 2799 967 2849; x_wconf 80' lang='lat'>1012.</span> <span class='ocrx_word' id='word_1_175' title='bbox 1040 2830 1109 2840; x_wconf 86' lang='lat'><em>—-</em></span> <span class='ocrx_word' id='word_1_176' title='bbox 1170 2801 1257 2851; x_wconf 91' lang='lat' dir='ltr'><em>Vs.</em></span> <span class='ocrx_word' id='word_1_177' title='bbox 1295 2803 1328 2850; x_wconf 79' lang='lat'>2</span> <span class='ocrx_word' id='word_1_178' title='bbox 1366 2795 1462 2866; x_wconf 78' lang='grc' dir='ltr'><em>οὐχ</em></span> <span class='ocrx_word' id='word_1_179' title='bbox 1500 2794 1695 2848; x_wconf 77' lang='grc' dir='ltr'><em>ἑαυτὸν</em></span> <span class='ocrx_word' id='word_1_180' title='bbox 1733 2801 1889 2851; x_wconf 81' lang='lat' dir='ltr'><strong>editio</strong></span> <span class='ocrx_word' id='word_1_181' title='bbox 1925 2802 2067 2867; x_wconf 86' lang='lat' dir='ltr'><strong>prin-</strong></span> 
     </span>
     <span class='ocr_line' id='line_1_27' title="bbox 216 2880 2066 2957; baseline 0 -17"><span class='ocrx_word' id='word_1_182' title='bbox 216 2906 357 2957; x_wconf 77' lang='lat' dir='ltr'><strong>ceps·</strong></span> <span class='ocrx_word' id='word_1_183' title='bbox 444 2887 667 2938; x_wconf 81' lang='lat' dir='ltr'><strong>Ceterae</strong></span> <span class='ocrx_word' id='word_1_184' title='bbox 719 2880 917 2935; x_wconf 79' lang='grc' dir='ltr'><em>ἑαυτὸν</em></span> <span class='ocrx_word' id='word_1_185' title='bbox 971 2881 1068 2946; x_wconf 84' lang='grc' dir='ltr'><em>οὐ,</em></span> <span class='ocrx_word' id='word_1_186' title='bbox 1115 2889 1252 2953; x_wconf 85' lang='lat' dir='ltr'><strong>quod</strong></span> <span class='ocrx_word' id='word_1_187' title='bbox 1304 2890 1347 2939; x_wconf 87' lang='lat' dir='ltr'><em>si</em></span> <span class='ocrx_word' id='word_1_188' title='bbox 1386 2905 1447 2938; x_wconf 85' lang='lat' dir='ltr'><em>ex</em></span> <span class='ocrx_word' id='word_1_189' title='bbox 1484 2888 1630 2938; x_wconf 88' lang='lat' dir='ltr'><strong>libris</strong></span> <span class='ocrx_word' id='word_1_190' title='bbox 1669 2888 1818 2940; x_wconf 85' lang='lat' dir='ltr'><strong>codd.</strong></span> <span class='ocrx_word' id='word_1_191' title='bbox 1858 2889 2066 2940; x_wconf 82' lang='lat' dir='ltr'><strong>ductum</strong></span> 
     </span>
    </p>
   </div>
   <div class='ocr_carea' id='block_1_6' title="bbox 213 2969 1848 3396">
    <p class='ocr_par' dir='ltr' id='par_1_10' title="bbox 213 2969 1848 3396">
     <span class='ocr_line' id='line_1_28' title="bbox 213 2969 1049 3042; baseline -0.004 -13"><span class='ocrx_word' id='word_1_192' title='bbox 213 2984 309 3041; x_wconf 79' lang='lat' dir='ltr'><strong>est,</strong></span> <span class='ocrx_word' id='word_1_193' title='bbox 346 2969 520 3026; x_wconf 87' lang='grc' dir='ltr'><em>αὑτὸν</em></span> <span class='ocrx_word' id='word_1_194' title='bbox 561 2969 685 3041; x_wconf 82' lang='grc' dir='ltr'><em>οὐχὶ</em></span> <span class='ocrx_word' id='word_1_195' title='bbox 722 2974 830 3041; x_wconf 85' lang='lat' dir='ltr'><strong>legi</strong></span> <span class='ocrx_word' id='word_1_196' title='bbox 868 2975 1049 3042; x_wconf 83' lang='lat' dir='ltr'><strong>possit.</strong></span> 
     </span>
     <span class='ocr_line' id='line_1_29' title="bbox 1041 3116 1256 3168; baseline 0.005 -1"><span class='ocrx_word' id='word_1_197' title='bbox 1041 3116 1256 3168; x_wconf 85' lang='lat' dir='ltr'><strong>XXXV.</strong></span> 
     </span>
     <span class='ocr_line' id='line_1_30' title="bbox 489 3214 1848 3294; baseline 0.001 -22"><span class='ocrx_word' id='word_1_198' title='bbox 489 3215 664 3272; x_wconf 82' lang='grc' dir='ltr'><em>Ἀλλ’</em></span> <span class='ocrx_word' id='word_1_199' title='bbox 702 3219 760 3272; x_wconf 80' lang='grc' dir='ltr'><em>ἐν</em></span> <span class='ocrx_word' id='word_1_200' title='bbox 798 3214 972 3292; x_wconf 67' lang='grc' dir='ltr'><em>Σάμῳ</em></span> <span class='ocrx_word' id='word_1_201' title='bbox 1008 3222 1109 3287; x_wconf 80' lang='grc' dir='ltr'><em>μὲν</em></span> <span class='ocrx_word' id='word_1_202' title='bbox 1147 3218 1244 3271; x_wconf 86' lang='grc' dir='ltr'><em>τοῦ</em></span> <span class='ocrx_word' id='word_1_203' title='bbox 1281 3216 1511 3272; x_wconf 83' lang='grc' dir='ltr'><em>λιθίνου</em></span> <span class='ocrx_word' id='word_1_204' title='bbox 1548 3217 1681 3294; x_wconf 59' lang='grc' dir='ltr'><em>ζῴου</em></span> <span class='ocrx_word' id='word_1_205' title='bbox 1718 3225 1848 3274; x_wconf 84' lang='grc' dir='ltr'><em>ποτὲ</em></span> 
     </span>
     <span class='ocr_line' id='line_1_31' title="bbox 486 3314 1764 3396; baseline 0.005 -22"><span class='ocrx_word' id='word_1_206' title='bbox 486 3319 792 3394; x_wconf 75' lang='grc' dir='ltr'><em>ἅνθρωπος</em></span> <span class='ocrx_word' id='word_1_207' title='bbox 829 3322 1062 3396; x_wconf 78' lang='grc' dir='ltr'><em>ἠράσθη</em></span> <span class='ocrx_word' id='word_1_208' title='bbox 1101 3344 1198 3392; x_wconf 84' lang='grc' dir='ltr'><em>τις,</em></span> <span class='ocrx_word' id='word_1_209' title='bbox 1237 3314 1346 3376; x_wconf 81' lang='grc' dir='ltr'><em>εἶτ’</em></span> <span class='ocrx_word' id='word_1_210' title='bbox 1382 3323 1456 3388; x_wconf 74' lang='grc' dir='ltr'><em>εἰς</em></span> <span class='ocrx_word' id='word_1_211' title='bbox 1495 3328 1592 3380; x_wconf 84' lang='grc' dir='ltr'><em>τὸν</em></span> <span class='ocrx_word' id='word_1_212' title='bbox 1629 3326 1764 3382; x_wconf 81' lang='grc' dir='ltr'><em>νεῶν</em></span> 
     </span>
    </p>
   </div>
   <div class='ocr_carea' id='block_1_7' title="bbox 484 3427 1052 3484">
    <p class='ocr_par' dir='ltr' id='par_1_11' title="bbox 484 3427 1052 3484">
     <span class='ocr_line' id='line_1_32' title="bbox 484 3427 1052 3484; baseline 0.004 -2"><span class='ocrx_word' id='word_1_213' title='bbox 484 3431 825 3483; x_wconf 83' lang='grc' dir='ltr'><em>κατέκλεισεν</em></span> <span class='ocrx_word' id='word_1_214' title='bbox 862 3427 1052 3484; x_wconf 86' lang='grc' dir='ltr'><em>αὑτόν.</em></span> 
     </span>
    </p>
   </div>
   <div class='ocr_carea' id='block_1_8' title="bbox 2179 2974 2191 3657">
    <p class='ocr_par' dir='ltr' id='par_1_12' title="bbox 2179 2974 2191 3657">
     <span class='ocr_line' id='line_1_33' title="bbox 2179 2974 2191 3657; baseline 0 0"><span class='ocrx_word' id='word_1_215' title='bbox 2179 2974 2191 3657; x_wconf 95' lang='lat' dir='ltr'><em> </em></span> 
     </span>
    </p>
   </div>
   <div class='ocr_carea' id='block_1_9' title="bbox 2174 2744 2202 3918">
    <p class='ocr_par' dir='ltr' id='par_1_13' title="bbox 2174 2744 2202 3918">
     <span class='ocr_line' id='line_1_34' title="bbox 2174 2744 2202 3918; baseline 0 0"><span class='ocrx_word' id='word_1_216' title='bbox 2174 2744 2202 3918; x_wconf 95' lang='lat' dir='ltr'><em> </em></span> 
     </span>
    </p>
   </div>
  </div>
 </body>
</html>
