2202 3918
277 206 383 262 218
1025 207 1404 261 MENANDR!

916 451 1512 506 ‹DAEMA

423 600 797 669 Cognominem
836 595 1061 647 fabulam
1101 597 1380 665 scripserat
1416 597 1635 649 Luscius
1675 582 1941 663 Lavinius„
1973 615 2127 666 quam

279 706 310 742 e
363 690 683 741 Menandrea
730 702 1025 754 expressam
1071 685 1236 738 fuisse
1286 692 1506 737 testatur
1553 688 1835 740 Terentius
1883 690 2124 740 Eunuch.

281 780 422 830 Prol.
472 781 536 828 9:
592 777 738 827 Idem
790 774 1076 826 Menandri
1120 775 1350 827 Phasma
1399 793 1539 828 nunc
1584 794 1751 844 nuper
1794 777 1959 827 dedit.
2045 777 2126 829 Ad

279 883 433 934 quem
481 867 652 917 locum
704 866 936 916 Donatus
981 865 1336 916 Menandreae
1383 864 1592 916 fabulae
1641 871 1999 932 argumentum
2045 866 2126 915 his

278 955 450 1007 verbis
494 954 757 1022 exposuit:
805 953 1035 1003 Phasma
1080 970 1270 1004 nomen
1325 959 1406 1005 est
1440 953 1666 1021 fabulae
1700 953 2018 1017 Menandri,
2064 955 2125 1004 in

278 1061 382 1113 qua
417 1061 643 1095 noverca
678 1042 995 1110 superducta
1033 1041 1385 1104 adolescenti,
1422 1044 1713 1111 virginem,
1751 1060 1907 1111 quam
1943 1060 2009 1093 ea*
2043 1043 2126 1093 vi-

277 1135 399 1184 cino
447 1134 673 1201 quodam
720 1137 1061 1199 conceperat,
1103 1133 1303 1198 furtim
1355 1133 1600 1183 eductam
1647 1150 1763 1182 cum
1799 1133 2016 1204 haberet
2065 1133 2126 1182 in

277 1222 497 1274 latebris
543 1223 688 1291 apud
735 1223 968 1272 vicinum
997 1223 1323 1289 proximum,
1371 1221 1467 1270 hoc
1501 1221 1653 1271 modo
1688 1237 1863 1271 secum
1898 1206 2127 1272 habebat

276 1311 519 1373 assidue,
556 1305 700 1362 nullo
738 1313 965 1378 conscia.
1038 1308 1338 1370 Parietem‚
1376 1310 1468 1376 qui
1502 1309 1704 1360 medius
1740 1312 1884 1360 inter
1919 1311 2125 1361 domum

274 1401 466 1450 matris
501 1417 566 1451 ac
603 1401 772 1451 vicini
777 1400 987 1467 suerat,
1025 1399 1109 1451 ita
1126 1397 1386 1466 perfodit,
1421 1405 1482 1449 ut
1518 1399 1578 1449 in
1615 1399 1728 1465 ipso
1765 1400 2001 1449 transitu
2037 1415 2125 1449 sa-

274 1505 419 1540 crum
456 1488 625 1540 locum
661 1505 773 1539 esse
807 1487 1099 1538 simularet.
1192 1488 1459 1556 Quumque
1501 1488 1788 1538 transitum
1824 1487 2126 1538 intenderet

273 1579 434 1628 sertis
471 1593 535 1628 ac
560 1577 758 1643 fronde
782 1576 962 1642 felici,
1017 1593 1128 1627 rem
1155 1558 1396 1626 diuinam
1429 1593 1588 1643 saepe
1613 1577 1832 1642 faciens
1870 1574 2126 1646 evocabat

276 1666 352 1718 ad
393 1682 451 1717 se
496 1667 775 1733 virginem.
867 1664 1019 1728 Quod
1073 1682 1228 1733 quum
1277 1666 1744 1715 animadvertisset
1806 1664 2124 1726 adolescens,
2198 1691 2202 1696 -

264 1756 500 1824 primum
534 1754 787 1821 adspectu
811 1752 1072 1822 pulchrae
1107 1754 1336 1820 virginis
1383 1753 1526 1804 velut
1580 1755 1813 1805 numinis
1851 1755 1969 1804 visu
1999 1770 2125 1821 per-

274 1843 448 1895 culsus
484 1843 788 1904 exhorruit3
824 1841 962 1892 unde
998 1840 1229 1892 Phasma
1267 1850 1348 1892 est
1383 1859 1571 1893 nomen
1596 1841 1839 1908 fabulae.
1912 1841 2125 1894 Deinde

268 1933 537 2001 paulatim
571 1949 631 1982 re
665 1932 885 1999 cognita
924 1931 1128 1980 exarsit
1166 1932 1224 1980 in
1263 1947 1489 1981 amorem
1520 1931 1763 1998 puellae,
1812 1934 1895 1982 ita
1942 1938 2003 1982 ut
2039 1950 2123 1983 re-

273 2021 501 2072 medium
553 2025 743 2069 tantae
794 2019 1114 2086 cupiditatis
1161 2020 1272 2069 nisi
1309 2036 1374 2070 ea·
1408 2022 1614 2086 nuptiis
1642 2036 1748 2070 non
1784 2021 2122 2087 reperiretur.

273 2109 365 2160 Ita
419 2126 485 2159 ea·
533 2106 797 2157 commodo
843 2108 1033 2156 matris
1092 2112 1147 2156 et
1192 2108 1422 2175 virginis
1473 2114 1526 2157 et
1575 2124 1641 2158 ex
1686 2113 1807 2158 voto
1864 2110 2121 2158 amatoris
2194 2174 2196 2176 v

273 2213 626 2263 consensuque
645 2197 844 2262 patris,
880 2195 1188 2262 nuptiarum
1216 2196 1570 2247 celebratione
1588 2199 1762 2263 finem
1799 2197 2000 2265 accipit
2024 2199 2122 2263 fa-

249 2285 415 2347 Jmla.
501 2283 746 2335 Eiusdem
798 2283 1021 2332 nominis
1075 2283 1302 2333 fabulam
1355 2284 1530 2334 docuit
1566 2285 1801 2335 Catullus
1847 2285 2124 2351 mimogra-

273 2373 410 2441 phus
447 2371 653 2435 (Iuven.
695 2370 815 2422 vm
855 2369 1003 2433 185),
1041 2386 1192 2436 quam
1232 2387 1333 2437 quo
1381 2371 1494 2422 iure
1531 2373 1594 2422 ad
1633 2371 1910 2423 Menandri
1949 2389 2122 2423 exem-

273 2460 389 2527 plar
424 2475 721 2524 expressam
760 2458 920 2508 fuisse
961 2458 1161 2519 dicant,
1210 2475 1311 2510 non
1362 2460 1487 2509 satis
1534 2460 1877 2527 intellegitur.
1950 2462 2120 2515 Plauti

274 2547 652 2599 Mostellariam
707 2548 860 2596 etiam
912 2547 1201 2597 Phasmatis
1256 2548 1466 2597 nomine
1522 2549 1719 2598 laudari
1773 2550 1947 2600 docuit
2004 2550 2118 2602 Nica

276 2635 493 2707 Loensis
557 2635 822 2700 Epiphyn.
879 2637 921 2688 V
983 2637 1106 2685 20-
1172 2635 1516 2716 Menandrum
1572 2637 1671 2687 hac
1723 2636 1899 2689 fabula
1953 2645 2120 2689 metro

274 2722 610 2790 ithyphallico
668 2738 818 2773 usum
889 2740 1008 2775 esse
1061 2723 1214 2773 docet
1264 2725 1454 2775 Atilius
1506 2726 1776 2779 Fortunat.
1835 2743 1887 2793 p.
1942 2728 2116 2793 2672:

273 2811 678 2878 Ithyphallicum
722 2818 947 2862 metrum
997 2828 1158 2878 saepe
1204 2813 1399 2879 recipit
1435 2813 1788 2874 tribrachum,
1848 2822 1910 2865 ut
1955 2818 2120 2867 etiam

275 2888 419 2966 apud
467 2898 816 2950 Menandrum
867 2903 925 2950 in
976 2884 1263 2951 Phasmate
1297 2908 1375 2951 et
1439 2901 1582 2968 apud
1643 2901 2018 2954 Callimachum
2061 2906 2121 2957 in
2192 2927 2200 2947 ι

273 2969 766 3055 spigrammatibus
833 2991 1042 3040 ostendi
1086 2993 1287 3055 potest.
1335 3055 1339 3063 ¹
1383 2989 1495 3039 Nec
1550 2989 1864 3039 omittendus
1923 2992 2119 3043 Fronto

254 3076 424 3151 &Anah
463 3077 686 3126 Brunck.
724 3077 772 3127 11
810 3095 861 3146 p.
899 3079 1023 3140 346,
1060 3077 1206 3129 cuius
1244 3076 1401 3126 verba
1438 3092 1592 3143 supra
1628 3058 1877 3145 adscripsi
1914 3097 1966 3147 p.
1997 3079 2084 3132 95.

1175 3232 1217 3283 Ι.

1116 3330 1598 3404 Ἐπισημαίνεσῦ’
1638 3331 1735 3385 ἐάν

635 3434 668 3502 ἡ
711 3436 977 3492 σκευασία
1015 3434 1293 3512 καθάριος
1329 3427 1362 3515 ᾖ
1400 3441 1496 3492 καὶ
1531 3437 1766 3504 ποικίλη.
