2202 3918
297 212 403 265 764
1027 205 1404 260 MENANDM

298 357 512 405 cunctos
549 364 822 419 precemur
860 355 1015 416 atque
1055 355 1280 400 cunctas.
1357 349 1536 414 accipe

297 444 541 509 linguam.
618 440 837 500 salutem
879 439 1254 504 sanitatemque
1291 443 1347 487 ut
1385 437 1549 498 duint,

294 533 430 582 bona
466 530 616 580 nobis
653 528 879 578 tribuant
916 526 1092 588 multa,
1132 540 1368 591 quaeque
1403 526 1590 575 adsunt
1627 526 1757 576 bona

296 636 358 671 ea
395 616 774 685 prosperassint
812 614 1038 666 cunctis:
1077 614 1178 664 hae
1216 615 1341 663 fiant
1378 629 1577 680 preces.

1177 721 1265 773 Vl.

293 815 461 867 Nemo
500 818 553 863 et
590 816 808 877 repente
851 810 1011 871 diveS,
1052 814 1104 860 et
1139 809 1307 859 iustus
1345 808 1461 859 fuit.

293 909 372 954 est
409 902 488 952 cui
527 898 749 964 vectigal
787 914 1026 963 magnum
1066 898 1374 965 parsimonia
1413 902 1519 947 est:

294 998 347 1043 at
383 990 514 1058 alius
552 993 735 1040 cuncta
771 986 1018 1038 insidians
1057 1002 1327 1054 compar-sa
1363 984 1564 1052 abripit.

778 1222 1650 1276 KYBEPNHTAI.

1195 1333 1235 1383 Ι.

285 1428 360 1478 Ut
396 1424 565 1486 video,
603 1422 926 1484 adolescens,
965 1422 1137 1473 credis
1175 1427 1233 1473 tu
1272 1423 1523 1489 pecuniae

285 1514 456 1582 pretio
494 1509 682 1579 parari,
720 1527 823 1561 non
862 1510 1016 1561 modo
1054 1510 1186 1562 haec
1224 1509 1680 1578 quorumindiget

285 1600 518 1668 quotidie
555 1614 697 1660 usuS,
735 1616 940 1665 panem,
980 1606 1202 1663 acetum,
1241 1598 1474 1662 obsonia,

286 1691 479 1751 oleum,
517 1688 610 1738 sed
647 1687 758 1737 istis
797 1689 962 1739 maius
1001 1689 1195 1757 aliquid
1233 1691 1488 1741 omnibus.

286 1784 339 1829 at
376 1783 523 1828 certe
561 1792 748 1826 venum
786 1792 888 1827 non
929 1777 1079 1827 datur
1115 1779 1490 1839 immortalitaS,

283 1883 382 1918 nec
416 1866 460 1916 si
499 1864 691 1914 talenta
729 1865 935 1915 Tantali
973 1867 1297 1931 possederis:

283 1955 379 2006 sed
414 1953 768 2004 occubandum
809 1959 906 2015 est,
943 1954 1034 2004 illa
1071 1954 1353 2019 linquenda
1391 1937 1561 2003 alteri.

281 2043 414 2093 haec
449 2043 735 2108 quorsum?
774 2058 962 2108 nempe
1000 2058 1066 2093 ne
1103 2042 1347 2093 fortunae
1385 2058 1669 2110 prosperae

281 2131 515 2183 confidas
552 2130 778 2191 nimium,
824 2145 925 2189 neu
964 2147 1057 2182 nos
1094 2138 1274 2182 contra
1312 2148 1568 2199 pauperes

280 2219 474 2270 habeas
511 2218 778 2283 despectu,
818 2234 998 2270 verum
1036 2224 1089 2271 te
1127 2222 1508 2288 aspectantibus

281 2307 540 2359 felicitate
578 2307 829 2372 praebeas
869 2307 1080 2375 dignum
1119 2317 1224 2361 tua.

1178 2417 1244 2466 ΙΙ.

1001 2503 1046 2553 Ο
1086 2499 1404 2554 miserrimos

281 2589 591 2651 mortalium,
630 2589 718 2653 qui
757 2590 969 2655 spiritus
1007 2591 1231 2641 tumidos
1268 2598 1486 2657 gerunt:

280 2677 507 2728 conditio
544 2677 768 2726 humana
807 2693 939 2742 quae
976 2679 1041 2728 sit
1078 2695 1180 2730 non
1219 2680 1544 2747 intellegunt.

282 2765 374 2815 ille
411 2766 462 2815 in
501 2764 619 2814 soro
658 2765 863 2816 videtur
901 2766 1234 2818 felicissimus

283 2868 404 2903 suas
440 2853 506 2903 sit
543 2852 679 2902 infra
717 2869 833 2904 cum
872 2854 1018 2905 fores
1056 2857 1389 2908 miserrimus.

282 2941 470 2991 mulier
507 2941 816 3005 dominatur,
854 2943 1089 3010 imperat,
1131 2947 1300 2996 obstat
1338 2947 1612 3012 perpetim,

276 3030 355 3080 vita
392 3030 552 3080 multa
590 3030 748 3081 habet
786 3048 917 3098 quae
957 3034 1151 3097 dolent,
1191 3051 1290 3101 ego
1330 3052 1450 3086 vero
1493 3036 1634 3086 nihil.

1180 3143 1240 3193 V.

287 3223 531 3276 Oblitu’st
567 3239 624 3275 se
661 3226 773 3292 ipse
813 3229 897 3294 qui
937 3231 1017 3282 sit.
