2202 3918
190 229 192 233 ·
278 208 384 270 aaz
635 205 1015 269 manzanum
1050 206 1380 270 manua
1407 196 1801 270 menni-Aa.

277 355 472 423 Walz.)
511 358 578 410 de
614 350 847 428 ἀφελείᾳ
873 353 1204 427 (Ναίυοιᾶε)
1242 358 1528 411 disserens:
1564 355 1660 408 καὶ
1696 351 1768 407 τά
1804 349 1983 406 πολλὰ
2018 352 2129 406 τῶν

277 442 614 512 βουκολικῶν
666 437 899 496 τοιαυτά
947 440 1086 494 ἐστι.
1174 443 1272 494 καὶ
1319 440 1473 514 παρὰ
1520 442 1597 515 τῷ
1646 438 2012 510 Ἀνακρέοντι
2067 441 2127 494 δὲ

273 528 563 597 ὡσαύτως,
611 531 759 602 παρά
811 549 867 583 τε
914 517 987 581 αὖ
1022 526 1095 601 τῷ
1133 524 1444 601 Μενάνδρῳ
1478 528 1650 601 μυρία
1695 526 1765 583 ἂν
1801 523 1976 602 εὕροις
2012 548 2126 582 τοι-

273 621 418 676 αῦτα
458 623 557 675 ’καὶ
603 619 865 688 γυναῖκας
908 616 1173 690 λεγούσας
1231 619 1327 670 καὶ
1376 614 1695 681 νεανίσκους
1742 617 1983 688 ἐρῶντας
2029 619 2124 672 καὶ

270 709 564 782 μαγείρους
598 709 692 762 καὶ
725 706 1049 778 ,παρθένους
1085 706 1483 778 θρυπτομένας
1517 702 1612 759 καί
1647 723 1802 770 τινας
1836 702 2052 777 ἄλλους,

1103 851 1289 904 DXVl.

410 959 710 1012 Athenaeus
743 956 871 1010 Xlll
910 975 962 1025 p.
975 956 1164 1010 594ᾶ.
1202 947 1290 1008 ὁτι
1330 954 1387 1008 δὲ
1423 973 1517 1008 και
1538 952 1870 1024 Μενανδρος
1906 950 1937 1006 ὁ
1963 971 2121 1018 ποιη-

268 1043 366 1107 τὴς
403 1041 509 1115 ἤρα
549 1043 828 1114 Γλυκέρας
865 1044 1068 1098 κοινόν.
1139 1039 1457 1113 ε’νεμεσηθη
1508 1043 1583 1097 δέ..
1663 1039 1980 1114 Φιλήμονος
2016 1039 2122 1112 γὰρ

266 1130 487 1203 ἑταίρας
532 1124 872 1204 ἐρασθέντος
916 1133 1012 1184 καὶ
1055 1130 1303 1202 χρηστὴν
1349 1127 1560 1196 ταύτην
1605 1125 1988 1200 ὀνομάσαντος
2026 1127 2121 1182 δια

264 1220 366 1274 τοῦ
413 1218 717 1318 δράματος,
778 1217 1090 1289 ἀντέγραψε
1139 1219 1468 1289 ΒΙέυανδρος
1522 1217 1596 1282 ὠς
1639 1215 1898 1289 οὐδεμιᾶς
1946 1214 2118 1282 οὔσης

257 1308 520 1379 χρηστῆς.
595 1311 831 1362 Philemo
869 1310 1231 1375 meretricem,
1279 1326 1446 1376 quam
1469 1311 1766 1377 deperiret,
1815 1311 1937 1362 sub
1950 1310 2117 1361 Chre-

262 1406 376 1451 stae
426 1400 636 1452 nomine
685 1401 737 1449 in
784 1398 962 1450 fabula
1006 1399 1177 1465 aliqua
1212 1398 1263 1449 in
1302 1416 1510 1452 scenam
1548 1400 1854 1475 produxisse
1890 1398 2114 1482 videtur.

264 1488 444 1555 Itaque
481 1504 576 1556 pro
607 1481 857 1556 χρηστὴν
891 1487 1065 1539 malim
1105 1479 1390 1556 Χρήστην.

990 1631 994 1633 ’
1092 1627 1303 1680 vau.

382 1737 602 1806 sPlinius
649 1737 720 1808 11.
769 1737 835 1789 N.
885 1734 1010 1788 XlX
1061 1735 1120 1786 6:
1176 1734 1470 1787 Menander
1526 1742 1714 1787 auctor
1761 1741 1870 1799 est,
1931 1735 2115 1788 allium
2175 1749 2180 1752 ·

258 1824 575 1888 edentibus,
623 1828 674 1876 εἰ
702 1824 952 1877 'radicem
1002 1823 1155 1875 betae
1191 1825 1250 1874 in
1279 1841 1461 1892 pruna
1498 1830 1696 1874 tostam
1731 1825 2113 1892 super-ederint,

263 1914 473 1965 odorem
512 1915 776 1982 extingui.
813 1915 1060 1964 Fortasse
1085 1912 1149 1962 ad
1170 1912 1522 1978 Synaristosa's
1557 1911 1917 1991 referendum,
1958 1914 2107 1965 ouius

255 2000 468 2052 fabulae
505 2002 622 2051 vide
661 2002 870 2069 Fragm.
907 2000 1029 2051 Vlll
1066 2018 1115 2066 p.
1153 1999 1275 2049 204.

403 2089 518 2141 Alia
556 2089 849 2155 fragmenta
885 2086 1142 2154 probabili
1192 2087 1489 2138 coniectura
1538 2085 1604 2136 ad
1640 2081 1986 2139 Menandrum
2024 2104 2111 2139 re-

243 2174 475 2227 ferenda
513 2178 633 2227 vide
669 2178 720 2227 in
759 2175 1066 2246 fragmentis
1090 2181 1361 2241 poetarum
1386 2191 1776 2242 anonymorum,
1803 2175 2108 2242 praesertim

252 2264 306 2314 in
345 2265 406 2314 iis
445 2280 575 2330 quae
619 2281 680 2315 ex
719 2265 985 2315 Plutarchi
1034 2264 1239 2330 scriptis
1295 2264 1579 2330 composui.
1662 2265 1742 2315 Ex
1779 2264 2108 2331 Alciplironis

254 2353 520 2417 epistolis,
560 2368 691 2417 quae
730 2353 962 2418 plurimis
1002 2359 1054 2402 et
1091 2351 1377 2402 manifestis
1414 2346 1771 2404 Menandreae
1803 2352 2109 2403 imitationis

251 2440 489 2505 vestigiis
522 2441 806 2505 impressae
844 2447 981 2501 sunt,
1019 2441 1122 2489 huc
1158 2439 1359 2504 referre
1397 2441 1563 2505 possis
1605 2456 1736 2505 quae
1773 2441 2018 2507 leguntur
2058 2441 2107 2491 Π

249 2527 301 2588 3,
323 2529 421 2577 22:
461 2524 757 2592 βασιλικῶς
777 2521 1207 2595 ὑπισχνούμενος
1243 2523 1320 2576 τὸ
1358 2523 1439 2589 δὴ
1477 2522 1683 2595 λεγόμ
1701 2545 1725 2576 ε
1745 2542 1872 2583 νον,
1900 2526 2104 2579 τοῦτο

247 2594 368 2677 τῆς
403 2612 537 2679 γῆς
573 2610 884 2682 τάγαθά,
923 2617 1006 2667 cll.
1047 2617 1297 2666 Terentio
1338 2617 1549 2667 Phorm.
1589 2617 1611 2665 1
1645 2619 1679 2666 2
1720 2618 1812 2668 17:
1850 2620 1897 2667 is
1933 2634 2108 2685 senem
2200 2667 2202 2670 .

241 2722 344 2772 per
389 2706 641 2771 epistolas
668 2706 896 2773 pellexit
930 2705 1082 2755 modo
1119 2721 1224 2755 non
1259 2711 1461 2755 montes
1498 2706 1619 2756 auri
1655 2704 1931 2773 pollicens.
2025 2707 2104 2757 Ex

244 2791 883 2863 11132εκαρηβαρω
919 2788 1045 2855 τὴν
1080 2787 1484 2860 κραιπάλην
1517 2787 1573 2842 τ’
1614 2785 2100 2877 άπερυγγάνω.

243 2881 480 2947 Denique
533 2901 593 2934 ex
643 2884 716 2933 111
763 2884 865 2935 54.
913 2874 943 2931 ὁ
991 2876 1300 2947 γεγηρακώς
1344 2879 1438 2931 καὶ
1493 2884 1660 2953 ρυσο
1681 2896 1886 2951 τερον
1931 2879 2099 2947 βαλ-

241 2965 537 3051 λαντίου
552 2972 575 3043 1
611 2967 781 3040 «ἔχων
818 2967 887 3022 τὸ
925 2963 1323 3039 πρόσωπον.
