2202 3918
219 210 331 264 398
1022 203 1289 260 DleLl

225 353 328 404 tiae
365 348 780 418 conformatione
815 349 1038 411 haereo,
1075 363 1211 415 quae
1248 349 1293 401 si
1330 350 1461 403 haec
1499 355 1608 415 est,
1650 355 1706 403 ut
1742 360 1846 406 non
1890 355 2084 410 bibisse

212 440 433 508 quidem
472 444 531 490 at'
560 439 919 490 duodecimam
972 436 1075 487 iam
1112 438 1402 503 placentam
1451 438 1730 493 devorasse
1767 459 1826 494 se
1864 443 2004 495 dicat
2038 445 2083 496 is
2113 512 2117 513 ἶ

213 544 376 595 >quem
414 528 711 594 loquentem
748 525 947 576 inducit
982 522 1251 591 Diphilus,
1288 523 1442 576 facile
1478 535 1695 593 apparet
1731 547 1947 598 prorsus
1984 533 2082 584 im·
2171 562 2175 582 :

221 623 446 686 portuno
484 619 599 667 loco
630 614 849 681 positam
876 611 1004 667 'esse
1041 629 1195 665 versu
1232 612 1401 680 primo
1438 616 1742 680 particulam
1779 616 1900 684 μέν.
1941 621 2080 673 Tum

221 723 345 758 vero
383 706 617 770 ineptum
657 708 736 754 est
771 703 1079 769 placentam,
1119 717 1272 767 quam
1303 702 1630 770 polyphagus
1665 705 1756 756 ille
1795 707 2081 772 devoravit,

223 795 385 862 digito
436 790 742 853 monstrari,
790 786 997 839 τονδὶ
1050 786 1111 838 δὲ
1153 783 1386 851 νᾶστον,
1437 792 1574 858 quod
1625 809 1686 844 ea
1723 800 1921 846 tantum
1959 796 2081 863 lege

221 880 498 934 ferendum
538 886 695 942 esset,
735 880 778 929 si
814 871 1129 946 ἀριστῶντα
1167 880 1416 946 scriptum
1442 885 1581 930 esset
1604 898 1698 948 pro
1725 875 2076 951 ἠριστηκότα.

221 971 503 1022 Tollantur
537 968 639 1019 h'ae
678 967 1043 1029 difficultates,
1092 969 1136 1018 si
1176 984 1246 1019 vs,
1291 969 1316 1017 l
1363 969 1632 1035 scripseris
1668 968 1761 1036 ἐμὲ
1808 970 1909 1035 μὲν
1955 957 2082 1021 οὗν

223 1053 361 1128 ὁρᾷς
399 1052 712 1109 πεπωκότα.
789 1057 866 1107 Ita
902 1056 1003 1107 hoc
1041 1055 1190 1106 dicit:
1228 1054 1318 1107 Me
1356 1058 1565 1125 quidem
1600 1058 1709 1108 iam
1745 1059 2079 1112 semiebrium

221 1149 368 1200 vides
405 1149 591 1214 iraque
629 1147 985 1215 concitatum,
1036 1146 1142 1195 iste
1189 1139 1381 1196 autem'
1406 1148 1515 1197 iam
1553 1146 1828 1206 duodecim
1854 1136 2077 1214 placen-

217 1243 306 1289 tas
343 1237 587 1303 ingentis
624 1234 1018 1302 magnitudinis
1055 1233 1349 1284 devoravit.
1437 1237 1582 1300 Quae
1631 1235 1900 1287 dicens'in
1937 1237 2080 1288 Her·
2172 1220 2199 1294 ,“

217 1327 418 1386 culem,
468 1324 682 1391 opinor,
740 1323 956 1390 digitum
993 1321 1232 1372 intendit.
1307 1323 1547 1389 Denique
1583 1322 1760 1375 nescio
1809 1340 1872 1375 an
1922 1326 2077 1378 etiam
2169 1322 2174 1346 ⁵

216 1405 585 1480 θυμούμενον
635 1417 940 1477 corruptum
992 1410 1088 1474 sit,
1145 1426 1241 1477 pro
1292 1427 1394 1477 quo
1442 1412 1561 1463 vide
1611 1428 1678 1463 ne
1729 1405 2078 1480 ὃημούμενον
2191 1410 2194 1427 ’

216 1502 549 1554 scribendum
584 1500 703 1562 rsit,
751 1499 785 1549 i.
827 1515 874 1549 e.
923 1492 1376 1566 εὐφραινόμενον.
1471 1500 1550 1550 De
1597 1499 1699 1550 hoc
1748 1502 1908 1553 verbo
1959 1503 2077 1555 vide

215 1591 588 1643 Ruhnkenium
635 1588 700 1639 ad
752 1586 888 1638 Tim.
928 1604 980 1653 p.
1017 1588 1089 1637 78
1140 1593 1193 1637 et
1246 1588 1480 1639 Pierson.
1512 1589 1593 1638 ‘ad
1640 1587 1811 1640 Moer.
1860 1607 1912 1656 p.
1943 1591 2074 1658 1129.
2170 1612 2191 1658 j

214 1681 318 1733 Sed
355 1683 584 1746 praestat
617 1676 843 1728 fortasse
880 1669 1352 1743 κεύθυμούμενον.

913 1981 1375 2038 ΙΙΡΩΣ.

356 2132 657 2189 Athenaeus
677 2131 748 2183 IX
778 2149 828 2198 p.
852 2131 949 2181 371
978 2147 1037 2182 a:
1074 2124 1107 2191 ἡ
1146 2126 1206 2179 δὲ
1243 2126 1459 2188 σευτλὶς
1495 2124 1676 2194 ἕτερον
1712 2124 1811 2179 τοῦ
1846 2121 2071 2179 τεύτλου

211 2215 347 2272 ἐστι’.
423 2216 511 2270 διὸ
555 2219 651 2270 καὶ
689 2213 922 2289 Δίφιλος
969 2211 1000 2267 ὁ
1037 2214 1454 2288 κωμῳδιοποιὸς
1499 2215 1558 2267 ἐν
1597 2209 1793 2287 ίἨρωι
1829 2209 2072 2286 δράματι

209 2307 440 2378 ἐπιτιμᾷ
487 2324 597 2359 τινι
637 2302 711 2368 ὥς
760 2304 937 2366 κακῶς
989 2304 1204 2370 λέγοντι
1251 2307 1347 2358 καὶ
1397 2303 1593 2357 τεῦτλα
1647 2300 1936 2365 τευτλὶὃας
1969 2321 2070 2357 κα-

211 2395 339 2452 λῶν.
396 2399 502 2450 Pro
537 2391 843 2457 τευτλίδας,
880 2410 1013 2461 quae
1041 2395 1333 2447 casauboni
1371 2397 1526 2447 lectio
1566 2401 1663 2458 est,
1701 2397 1910 2446 codices
1948 2409 2069 2444 τευ·
2163 2424 2170 2445 ‚

209 2484 415 2550 τλίνας,
453 2482 555 2536 τοῦ
591 2479 813 2545 recivas,
851 2477 1167 2543 τουταίνας.
1242 2486 1361 2536 Hoc
1398 2487 1718 2552 postremum
1754 2484 1928 2535 fraudi
1965 2484 2068 2536 fuit
2155 2467 2165 2545 ⁴¹

210 2579 368 2629 etiam
418 2574 698 2627 Eustathio
737 2590 789 2640 p.
828 2574 968 2623 1129
1008 2574 1076 2623 12
1122 2574 1442 2624 substantiva
1492 2574 1544 2623 in
1596 2586 1729 2623 αινα
1775 2574 2067 2625 desinentia
2159 2595 2170 2629 5.

208 2664 558 2731 ⁰⁰¹¹1P⁰¹¹eflfi·
637 2663 739 2713 Pro
777 2658 961 2710 καλῶν
998 2661 1337 2712 Casaubonus
1383 2657 1657 2710 καλοῦντι.
1741 2661 1938 2727 Diphili
1981 2676 2066 2712 se·
2158 2650 2172 2682 ⁴

207 2755 382 2805 narius
420 2752 644 2803 fortasse
695 2750 824 2802 fuit:
862 2745 1038 2809 κακῶς
1074 2746 1243 2814 λέγεις
1277 2747 1370 2800 καὶ
1408 2746 1604 2798 τεῦτλα
1641 2743 1935 2808 τευτλίδαςι
1968 2763 2064 2798 κα·

205 2838 336 2902 λεῖς,
386 2843 469 2891 vel
516 2836 692 2899 κακῶς
728 2836 900 2903 λέγων
934 2836 1030 2887 καὶ
1069 2835 1265 2887 τεῦτλα
1304 2832 1590 2897 τευτλίδας,
1624 2833 1823 2889 καλῶν.
1879 2838 2060 2889 ³Cete-

2172 2914 2173 2931 η

205 2946 321 2981 rum
371 2929 591 2980 difficile
637 2929 702 2979 ad
747 2927 1064 2978 credendum
1111 2932 1217 2989 est,
1266 2926 1496 2978 Graecos
1547 2929 1686 2978 inter
1737 2922 1960 2974 τεῦτλον
2008 2932 2063 2976 et

204 3015 415 3076 τευτλὶς
451 3018 532 3067 vel
571 3014 784 3075 σευτλὶς
806 3015 1124 3075 distinxisse3
1164 3030 1224 3065 ac
1262 3031 1447 3066 vereor
1484 3033 1550 3066 ne
1589 3016 1889 3067 Athenaeus
1927 3014 2064 3065 male

205 3106 523 3159 intellexerit
559 3105 856 3171 Di'philum5
894 3104 982 3168 qui
1020 3109 1228 3154 notasse
1266 3105 1470 3154 videtur
1508 3105 1760 3170 aliquem,
1811 3103 1899 3168 qui
1938 3116 2062 3152 σευ-

206 3193 323 3254 τλὶς
358 3194 443 3244 vel
483 3190 711 3243 σεῦτλον
747 3213 841 3262 pro
880 3195 1036 3245 attico
1073 3189 1284 3251 τευτλὶς
1323 3194 1406 3243 vel
1443 3190 1667 3258 τεῦτλον
1704 3191 1919 3240 dixerat.
1993 3190 2060 3241 V.

205 3285 271 3336 ad
308 3282 537 3335 Alexidis
576 3285 847 3350 Mandrag.
889 3268 942 3334 ll¹
975 3283 1027 3334 5.
