2202 3918
263 195 334 247 60
965 191 1340 245 PHILEMON
1347 193 1409 245 IS

1028 333 1353 385 Lxxxvu.

471 433 546 489 ‘O
582 433 753 504 γῆρας
789 426 958 484 αἰτῶν
994 432 1146 504 παρὰ
1179 433 1335 485 θεῶν
1370 429 1699 506 ἁμαρτάνει·

475 540 538 594 τὸ
574 538 678 609 γὰρ
714 536 853 591 πολὺ
891 537 1063 608 γῆρας
1101 534 1346 607 ἐσχάτων
1382 539 1598 594 πολλῶν
1633 543 1798 612 γέμει.

408 652 647 717 Compar.
685 649 830 701 Men.
871 652 924 699 et
960 648 1097 699 Phil.
1136 665 1188 715 p.
1226 648 1349 699 366.

1016 753 1354 807 LXXXVIII.

471 856 655 929 Γέρων
690 852 978 927 γενόμενος
1011 854 1088 926 μὴ
1129 852 1323 928 φρόνει
1358 850 1608 926 νεώτερα,

468 961 604 1035 μηδ’
647 958 722 1027 εἰς
757 958 968 1027 ὄνειδος
1005 963 1120 1016 ἕλκε
1155 961 1259 1029 τὴν
1295 961 1501 1035 σεμνὴν
1539 955 1756 1017 πολιάν,

402 1076 642 1141 Compar.
681 1074 827 1125 Men.
865 1079 920 1124 et
957 1073 1093 1124 Phil.
1131 1090 1184 1140 p.
1223 1074 1342 1125 366.
1433 1073 1524 1126 Vs.
1562 1074 1596 1124 2
1643 1071 1867 1122 fortasse
1904 1062 2110 1139 σεμνὴν

262 1159 439 1236 τρίχα.
515 1164 652 1215 Tum
690 1158 804 1212 ἕλκε
840 1178 937 1230 pro
977 1157 1126 1212 ἕλκυε
1163 1161 1377 1213 Grotius
1416 1162 1542 1213 Exc.
1580 1178 1633 1228 p.
1672 1161 1793 1211 917.

1044 1267 1332 1320 LXXXIX.

484 1367 596 1440 Οὐχ
632 1367 666 1436 ἡ
705 1364 865 1435 πόλις
902 1386 1006 1423 σου
1039 1368 1104 1423 τὸ
1142 1370 1295 1439 γένος
1329 1364 1537 1442 εὐγενὲς
1572 1368 1731 1431 ποιεῖ’,

472 1475 544 1532 σὺ
579 1472 642 1531 δ’
682 1471 961 1545 εὐγενίζεις
995 1475 1099 1544 τὴν
1135 1473 1300 1533 πόλιν
1335 1471 1599 1550 πράσσων
1634 1470 1826 1535 καλῶς.

401 1590 644 1655 Compar.
681 1586 827 1638 Men.
866 1591 918 1637 et
956 1586 1094 1639 Phil.
1131 1603 1183 1656 p.
1223 1587 1344 1638 366.
1416 1587 1508 1640 Vs.
1546 1587 1577 1637 1
1618 1584 1735 1638 cod.
1770 1573 1961 1648 εὐγενῆ
1996 1578 2109 1632 sine

262 1676 420 1730 ποιεῖ’.
494 1671 849 1730 correxerunt
884 1675 1133 1728 Heinsius
1171 1680 1225 1726 et
1262 1674 1492 1727 Grotius·

1126 1781 1237 1833 XC.

621 1881 689 1937 Οἱ
724 1880 828 1956 γὰρ
864 1881 1009 1936 θεὸν
1046 1883 1299 1952 σέβοντες
1335 1879 1564 1948 ἐλπίδας
1597 1883 1768 1953 καλὰς
1823 1948 1833 1960 .

611 1987 831 2060 ἔχουσιν
866 1984 943 2053 εἷς
979 1986 1275 2060 σωτηρίαν.

403 2100 731 2167 Theophilus
769 2102 832 2152 ad
872 2101 1047 2151 Autol.
1088 2100 1163 2150 llI
1202 2116 1253 2166 p.
1292 2096 1426 2149 385:
1477 2091 1588 2147 τίνι
1638 2082 1738 2147 οὗν
1785 2092 1969 2149 αὐτῶν
2013 2115 2110 2149 πι-

263 2182 605 2256 στεύσωμενς
647 2184 927 2257 Φιλήμονι
964 2185 1038 2258 τῷ
1073 2183 1290 2256 κωμικῷ
1325 2184 1538 2252 λέγοντι
1577 2182 1644 2235 Οἱ
1679 2182 1783 2257 γὰρ
1817 2182 1962 2238 θεόν
1995 2186 2109 2241 κτλ.

261 2278 591 2345 Epiphanius
626 2279 679 2328 in
718 2278 909 2342 Ancyr.
948 2295 998 2343 p.
1023 2277 1128 2327 512
1163 2278 1260 2326 311:
1286 2269 1317 2323 ὁ
1363 2270 1424 2322 δ’
1466 2267 1562 2342 ἐφ’
1601 2269 1758 2342 ἡμῶν
1794 2278 2040 2339 (Casaub.
2078 2271 2110 2326 ὁ

261 2365 321 2416 δὲ
364 2359 674 2432 Φιλήμων)
708 2360 884 2432 ἕτερος
919 2358 1153 2430 κωμικός
1188 2375 1388 2430 φησιν,
1444 2360 1498 2412 οἱ
1547 2361 1642 2413 ἕνα
1673 2359 1818 2414 θεὸν
1854 2362 2109 2430 σέβοντες

262 2448 489 2512 ἐλπίδας
527 2447 711 2519 ἔχουσι
746 2448 916 2512 καλὰς
953 2444 1028 2512 εἰς
1065 2445 1362 2519 σωτηρίαν.
1441 2452 1694 2505 Fortasse
1739 2455 1928 2522 spuriis
1975 2455 2108 2509 haec

262 2542 646 2595 annumeranda
685 2547 821 2594 sunt.
896 2541 990 2594 cfr
1027 2541 1151 2593 edit.
1192 2542 1313 2594 mai.

1111 2647 1250 2702 XCI.

1222 2728 1331 2787 Δύ’
1372 2725 1426 2788 εἰ
1454 2725 1619 2800 λάβοι

613 2831 878 2900 τάλαντα,
910 2835 1146 2907 χρυσοῦς
1182 2832 1240 2903 ἓξ
1277 2835 1414 2907 ἔχων
1449 2833 1756 2892 ἀποίσεται.

406 2944 634 3017 Etymol.
685 2945 763 2998 M.
785 2963 863 3027 mp.
900 2947 1006 2997 744
1045 2947 1140 2997 38:
1194 2942 1258 2998 τὸ
1308 2940 1583 2998 τάλαντον
1632 2941 1775 2998 κατὰ
1823 2942 1950 3008 τοὺς
1994 2963 2109 2999 πα-
2196 2917 2198 2926 .

267 3032 456 3097 λαιούς
485 3029 719 3104 χρυσοῦς
757 3029 859 3100 εἶχε
898 3033 1063 3101 τρεῖς·
1104 3030 1192 3085 διὸ
1217 3035 1310 3086 καὶ
1335 3031 1604 3104 Φιλήμων
1642 3031 1672 3086 ὁ
1709 3031 1942 3104 κωμικός
1966 3053 2106 3105 φησι,
2194 3028 2197 3104 ξ

268 3116 448 3179 Λύέἷ
479 3120 594 3177 κτλ.
633 3124 710 3175 lta
747 3122 949 3175 Potitus
972 3124 1233 3176 Observ.1
1270 3126 1304 3178 4
1341 3131 1394 3178 et
1428 3127 1698 3181 Bentleius
1733 3142 1829 3195 pro
1866 3121 2001 3194 ἔχων
2037 3124 2108 3193 ἕξ.
2193 3178 2195 3189 ,

921 3311 1097 3389 Νόμῳ
1131 3312 1476 3388 τεθαύμακ’,
1514 3314 1615 3371 οὐκ
1642 3317 1759 3372 ἐπεὶ

621 3426 930 3493 πέπλευκεν,
969 3425 1096 3481 ἄλλ’
1137 3424 1199 3483 εἰ.
1223 3429 1308 3492 δὶς
1338 3430 1648 3487 πέπλευκεν.
1693 3468 1695 3470 -
