2202 3918
293 254 398 306 852
989 246 1477 300 NICOMAGHUS.

297 400 409 448 arte
446 392 641 460 aliquid
679 390 1055 456 degustandum
1095 394 1191 441 est.
1267 390 1389 441 inde
1428 390 1558 440 aliae
1597 404 1805 456 qnoque

301 482 652 535 addiscendae
693 485 830 531 artes
870 486 991 530 onte
1030 480 1179 540 lianc,
1218 479 1496 540 (intererat
1535 495 1652 530 mea

299 574 431 623 haec
467 572 602 621 scire
642 576 696 619 te
734 571 1033 635 priusquam
1075 585 1158 618 me
1197 569 1544 631 conduceres)

301 666 360 711 ut
399 660 615 720 medica,
653 658 891 708 sideralis
931 661 983 705 et
1021 657 1296 707 mensoria.

301 764 526 813 namque
562 762 742 797 omnes
778 747 915 796 vires
955 745 1172 811 piscium
1213 751 1266 795 et
1303 744 1631 795 invalentiam

303 839 426 889 hinc
464 851 617 887 nosse
656 835 879 895 dabitur,
918 834 1123 899 quando
1162 835 1206 883 si
1245 834 1544 883 consideres

307 927 528 992 quisque
563 925 906 990 intempestus
946 930 1033 973 aut
1071 924 1410 989 tempestivus
1448 922 1561 971 siet.

308 1015 504 1066 habent
540 1014 787 1064 articulos
824 1028 941 1062 nam
980 1012 1273 1077 voluptates
1312 1027 1452 1061 suos,

313 1108 393 1154 est
428 1117 546 1151 cum
582 1101 649 1150 sit
684 1101 796 1165 ipso
835 1101 1040 1152 suavior
1076 1101 1273 1165 thynno
1313 1101 1459 1150 boaX.

311 1192 373 1242 B.
413 1191 531 1240 Hoc
568 1188 642 1237 ita
680 1189 777 1237 sit:
815 1202 993 1236 verum
1034 1189 1127 1236 tibi
1166 1190 1288 1252 quid
1329 1203 1445 1236 cum
1484 1185 1778 1236 mensoria?

314 1283 377 1333 A.
417 1278 654 1329 Culinam
695 1276 844 1325 nobis
884 1291 979 1325 ceu
1018 1276 1228 1341 globum
1270 1276 1620 1342 proponimus.

314 1368 455 1418 hunc
490 1367 624 1417 bene
664 1364 844 1429 partiri
884 1370 937 1412 et
976 1379 1133 1414 unum
1174 1381 1290 1414 cum
1330 1364 1558 1428 accepsis
1597 1363 1767 1412 locum

316 1454 584 1522 speciatim
626 1453 938 1502 distribuere
978 1458 1131 1517 prout
1168 1454 1265 1502 arti
1305 1453 1528 1518 expedit,

315 1545 449 1595 haec
485 1542 728 1591 tralatitia
769 1557 830 1590 ex
868 1548 979 1590 arte
1017 1547 1136 1590 sunt
1178 1543 1452 1592 mensoria.

318 1634 378 1683 B.
419 1633 489 1682 Et
527 1631 629 1680 hoc
667 1629 927 1679 concedo:
966 1631 1138 1680 verbis
1177 1633 1303 1680 nibil
1345 1634 1481 1682 ultra
1513 1638 1591 1681 est
1631 1649 1777 1698 opus.

321 1726 374 1771 at
413 1720 478 1769 de
514 1719 805 1768 medicina?
878 1721 939 1769 A.
980 1719 1112 1769 Sunt
1152 1721 1392 1771 difficiles
1432 1723 1682 1785 concoqui

322 1808 547 1873 quidam,
587 1812 858 1856 ventorum
897 1808 1240 1856 concitatores
1279 1808 1396 1867 cibi,

321 1900 597 1955 tormenta,
637 1911 738 1943 non
779 1895 1049 1943 alimenta:
1088 1900 1197 1942 tum
1236 1911 1359 1942 vero
1399 1896 1569 1943 solent

323 1984 411 2049 qui
451 1983 619 2033 aliena
658 1987 879 2031 coenant
915 1982 1048 2030 avidi
1088 1997 1221 2041 esse,
1260 1982 1591 2031 immemores
1631 1979 1787 2030 modi.

324 2072 391 2122 ad
428 2071 560 2121 tales
597 2071 756 2136 igitur
795 2075 972 2135 pastus
1012 2069 1160 2120 nobis
1201 2071 1430 2120 remedia

291 2191 300 2198 κ
323 2159 466 2210 illinc
502 2159 743 2226 petenda,
782 2164 963 2209 cuncta
999 2164 1058 2208 ut
1094 2159 1522 2209 convenientibus

326 2249 456 2299 locis
493 2248 734 2297 locentur
770 2255 1010 2298 accurate
1048 2253 1203 2312 atque
1242 2248 1444 2310 ordine,

323 2337 429 2387 hoc
466 2336 805 2386 mutuandum
844 2337 906 2387 ab
947 2342 1059 2386 arte
1097 2335 1485 2401 induperatoria
1525 2342 1622 2387 est.

328 2425 567 2475 convivas
607 2439 882 2476 numerare
922 2426 1045 2475 artis
1085 2432 1166 2474 est
1205 2429 1548 2475 numerariae.

327 2532 482 2568 nemo
521 2516 651 2565 alius
688 2513 821 2563 haec
859 2518 1068 2578 praeter
1107 2529 1190 2562 me
1229 2513 1492 2563 describet
1530 2514 1639 2563 tibi.

327 2606 388 2656 B.
427 2606 596 2670 Rogo,
628 2619 713 2652 me
752 2602 976 2651 vicissim
1016 2606 1073 2649 ut
1111 2603 1286 2650 audias
1326 2603 1566 2666 paullum.
1647 2604 1704 2652 A.
1747 2599 1931 2651 Audio,

328 2695 387 2743 B.
428 2693 547 2743 Noli
586 2692 836 2742 molestus
876 2706 992 2738 esse
1031 2691 1110 2738 vel
1151 2691 1260 2753 tibi,
1301 2693 1383 2741 vel
1423 2693 1577 2741 mihi:

331 2782 425 2834 scd
464 2781 673 2841 feriare,
716 2785 965 2844 qnantum
1004 2779 1054 2828 in
1095 2796 1177 2828 me
1216 2787 1310 2841 est,
1349 2781 1488 2830 hunc
1530 2781 1683 2829 diem.

914 2957 1621 3013 NAYMAXJA.

339 3071 510 3121 Vitam
550 3069 685 3118 hanc
722 3068 894 3133 agenti
935 3066 1301 3119 difficillimum
1342 3069 1481 3121 soret

336 3158 519 3223 vigiles
559 3161 634 3205 tot
673 3157 853 3207 oculos
891 3157 1208 3208 invidentum
1248 3160 1483 3209 evadere..

2192 3745 2196 3749 ·
2192 3333 2202 3664 —az-p-m.„2..1-.—-—-—
2200 3302 2202 3318 ,
2200 3246 2202 3255 <
