2202 3918
266 200 373 251 808
997 199 1376 254 MENANDRI

270 342 376 392 300
415 341 595 407 Inopia
631 341 851 393 honesta
888 342 1060 409 potior
1098 342 1283 407 opibus
1313 343 1580 408 improbis.

413 432 671 495 Quaestus
708 429 912 496 iniquos
951 429 1136 479 damna
1173 432 1421 495 consequi
1459 430 1647 480 solent.

412 518 1012 584 Hominem'malignum
1050 534 1147 568 neo
1184 519 1299 568 viae
1338 518 1579 568 comitem
1619 534 1761 584 cape.

411 607 592 657 Mores
630 606 824 668 decori,
862 606 1025 672 frugis
1063 611 1142 655 est
1180 607 1429 672 pulchrae
1467 622 1636 672 segeS.

414 697 438 722 ⁴¹
476 694 534 743 ln
573 696 676 746 vita
714 695 942 745 oecrevit
981 694 1128 744 nobis
1166 700 1224 744 ut
1262 711 1474 762 gramen
1516 695 1707 744 malum

274 780 380 831 305
417 783 633 844 mulier;
673 783 969 848 malumque
1005 782 1108 832 boe
1146 798 1275 848 opus
1315 789 1395 833 est
1433 799 1700 834 servemus
1739 782 1896 833 domi.

415 871 522 921 Suo
561 872 808 921 arbitratu
847 872 1018 922 nullus
1057 877 1137 921 est
1173 871 1299 921 felix
1337 873 1477 922 satis.

414 960 439 987 *
477 959 644 1010 Sanus
685 961 782 1010 es?
821 959 1146 1026 negotiorum
1186 961 1430 1011 observes
1468 967 1715 1026 tempora.

418 1048 698 1098 Doctrinae
735 1048 960 1099 habetur
998 1049 1129 1098 ratio
1171 1049 1253 1099 vel
1291 1050 1354 1098 ab
1392 1051 1699 1114 agrestibus.

415 1138 513 1186 Ars
553 1143 631 1186 est
668 1137 960 1187 hominibus
999 1143 1178 1201 portus
1215 1136 1503 1187 infortunii.

275 1223 380 1272 310
414 1226 605 1276 Amans
644 1224 724 1275 sui
761 1224 873 1289 ipse
913 1224 1083 1285 nimis,
1122 1224 1355 1291 amicu’st
1395 1224 1607 1275 nemini.

417 1313 601 1365 Verbis
639 1328 834 1379 repone
873 1313 1030 1362 verba
1067 1313 1268 1362 suasori
1309 1318 1414 1363 tuo.

416 1400 438 1424 *
479 1402 733 1453 Omnibus
770 1401 1005 1451 doctrina
1044 1407 1223 1467 portus
1263 1407 1342 1451 est
1385 1399 1706 1451 mortalibus.
1798 1440 1802 1443 ,

417 1493 439 1519 *
482 1490 731 1541 Oratione
768 1490 893 1553 leni,
931 1490 1187 1540 medicina
1225 1490 1440 1556 optima.

417 1579 717 1647 Mortalium
753 1594 838 1629 res
876 1580 987 1629 sola
1025 1579 1162 1645 regit
1200 1579 1383 1629 oratio.

273 1666 378 1718 315
416 1665 438 1691 *
476 1668 632 1718 Ratio
671 1668 959 1718 remedium
1001 1675 1080 1718 est
1117 1683 1274 1718 unum
1314 1665 1712 1718 moestitudinis.

419 1757 653 1807 Tristitia
690 1756 898 1805 morbos
937 1758 1157 1821 parturit
1196 1756 1517 1806 mortalibus.

418 1844 606 1911 Capias
643 1849 699 1894 ut
737 1844 943 1905 iterum,
982 1844 1145 1894 redde
1184 1845 1323 1909 quod
1359 1845 1457 1894 iam
1496 1860 1728 1912 qeperas.

416 1935 438 1962 '⁸‘
477 1934 623 1982 Iuvat
660 1937 846 1998 portus
885 1949 1094 1993 navem3
1133 1932 1303 1993 vitam,
1337 1933 1494 1981 animi
1533 1933 1803 1982 serenitas.

419 2021 615 2072 Sanare
651 2020 848 2071 luctum
886 2022 983 2070 scit
1023 2020 1273 2070 benevola
1311 2021 1493 2071 oratio.

275 2110 381 2161 320
419 2110 561 2160 lnter
599 2108 807 2159 dolores
848 2109 1120 2159 maximum
1161 2110 1412 2159 humanos
1451 2109 1635 2161 fames.

415 2199 631 2252 Famem
670 2199 800 2248 adeo
837 2214 1146 2264 responsare
1185 2198 1256 2248 nil
1294 2203 1473 2248 contra
1514 2199 1682 2250 datur.

416 2290 440 2317 *
481 2288 628 2338 lllata
668 2288 799 2338 mala
836 2287 1102 2353 repende3
1142 2294 1398 2337 amantem
1437 2289 1602 2355 magis
1640 2305 1770 2339 ama.

416 2375 608 2426 Servus
649 2375 936 2425 molestu'st
972 2391 1130 2442 supra
1167 2376 1348 2426 herum
1389 2393 1508 2426 sese
1547 2377 1794 2429 efferens·

417 2464 614 2515 Mulier
645 2479 878 2529 perenne
915 2464 1103 2529 pignus
1141 2464 1490 2529 aegrimoniae
1529 2471 1624 2516 est.

272 2551 377 2604 325
412 2552 718 2604 Sermonem
757 2552 820 2602 ab
859 2551 1012 2601 hoste
1051 2551 1363 2601 benevolum
1401 2568 1660 2619 nunquam
1700 2556 1842 2619 puta.

415 2640 678 2691 Moeroris
713 2638 863 2689 unica
900 2639 1154 2690 medicina
1193 2640 1377 2691 oratio.

414 2728 609 2780 Melius
647 2727 814 2777 leonis
850 2725 1078 2778 feminae
1118 2730 1450 2780 commercio.

361 2860 364 2861 γ
421 2818 445 2844 *
484 2816 758 2866 Modestus
798 2831 987 2877 sermo,
1029 2822 1082 2866 et
1120 2818 1286 2882 qualis
1326 2818 1527 2879 deceat,
1564 2818 1633 2868 sit
1670 2823 1807 2868 tuus.

411 2905 600 2955 Latere
634 2920 843 2970 semper
880 2891 1033 2968 posse
1071 2921 1137 2954 ne
1179 2922 1329 2971 spera
1368 2923 1578 2958 nocens.

270 2993 375 3042 330
411 2990 434 3015 *
473 2994 569 3043 Est
608 3008 780 3043 sermo
819 2999 998 3058 gratus
1036 3009 1131 3058 pro
1170 2995 1336 3044 relata
1374 2996 1556 3061 gratia.

412 3081 651 3132 Curanda
688 3096 772 3131 res
811 3084 909 3142 est,
948 3096 1010 3130 ex
1048 3081 1239 3132 decoro
1278 3084 1468 3135 vivere.

413 3169 512 3219 Odi
553 3167 847 3234 professum
884 3184 1089 3234 sapere,
1127 3171 1211 3235 qui
1249 3171 1348 3220 sibi
1386 3188 1490 3221 non
1527 3172 1677 3238 sapit.

410 3257 591 3308 Mores
628 3257 680 3306 in
719 3257 1034 3318 arbitrando,
1073 3274 1175 3309 non
1213 3258 1402 3310 faciem
1441 3259 1575 3310 vide.

412 3344 608 3396 Mulier
646 3345 896 3395 malorum
935 3345 1087 3412 plena
1123 3362 1329 3411 semper
1366 3348 1567 3398 sarcina
1604 3353 1700 3400 est.

270 3429 379 3483 335
418 3432 695 3485 credenda
732 3433 930 3485 cunctis
969 3450 1085 3488 esse
1126 3439 1310 3487 cuncta
1347 3451 1412 3487 ne
1451 3441 1619 3503 putes,
