2202 3918
514 203 954 257 comlcoRUM
991 205 1085 257 ΑΝ
1090 204 1446 258 ONYMORU
1455 209 1530 259 M.
1855 209 1962 262 688

104 340 358 406 λιπόντες
381 345 454 409 ⁸).
530 343 636 396 Ubi
661 328 817 411 quum
857 346 1076 397 duorum
1115 346 1434 397 canticorum
1474 349 1681 400 exordia
1721 350 1958 416 apposita

106 441 227 499 sint,
264 434 532 502 probabile
570 441 649 485 est
687 435 906 485 alterum
946 451 1008 486 ex
1035 433 1349 496 Phoenissis,
1388 433 1607 484 alterum
1648 452 1710 486 ex
1738 439 1961 504 repetita

0 528 1 533 ’
107 523 505 576 Phoenissarum
546 523 806 586 editione,
843 538 996 588 quam
1038 523 1222 572 Persas
1257 519 1554 585 inscriptam
1593 522 1753 574 fuisse
1793 526 1960 593 suspi-

0 654 1 699 ἰ
107 625 215 674 cor,
257 610 543 663 derivatum
582 627 716 663 esse.
791 611 897 662 Sed
936 611 1001 662 de
1038 611 1119 661 his
1157 607 1487 661 alias'dicam
1529 610 1801 674 copiosius.

942 789 1126 843 cxlv.

246 896 563 962 Hesychius,
617 895 662 946 A
678 912 709 955 η
723 914 763 960 μ
781 911 852 945 ou
865 889 898 943 ά
912 894 944 945 λ
961 894 991 945 λ
1006 911 1069 945 ικ
1086 912 1121 943 α
1136 912 1162 953 ς
1181 914 1194 945 :
1251 889 1380 953 τούς
1425 890 1548 960 περὶ
1595 886 1665 942 τὰ
1714 884 1961 952 δημόσια

0 1002 1 1013 ’
104 977 575 1052 ἇναστρὲᾳοντας.
653 985 1085 1035 Hemsterhusius
1125 975 1510 1047 δημοκόλακας
1557 982 1641 1033 vel
1689 974 1962 1046 δημοκόλ-

104 1069 284 1132 λικας,
334 1073 473 1138 quod
512 1072 635 1137 quid
675 1074 742 1122 sit
779 1088 880 1123 non
922 1073 1113 1122 docuit.
1190 1071 1342 1137 Quod
1385 1071 1522 1121 enim
1562 1070 1964 1142 Aristophanem

106 1161 331 1214 Acharn.
354 1163 460 1212 872
496 1160 669 1224 affert,
707 1161 794 1211 ubi
816 1162 1022 1211 Boeotii
1059 1151 1450 1227 κολλικοφάγοι
1488 1167 1754 1222 vocantur,
1789 1159 1844 1210 id
1883 1159 1964 1209 ni-

106 1249 179 1300 hii
216 1249 283 1300 ad
319 1266 450 1301 rem.
533 1250 651 1300 Non
701 1250 866 1315 magis
917 1250 1087 1316 placet
1124 1248 1265 1316 quod
1302 1247 1504 1301 Alberti
1540 1249 1752 1299 coniicit
1789 1245 1964 1313 δημο-

105 1330 346 1397 κύλικας.
437 1339 571 1390 Mihi
626 1333 1104 1406 δημοκαλλίας
1160 1337 1493 1388 scribendum
1550 1336 1783 1400 videtur,
1840 1336 1876 1388 i.
1914 1352 1963 1388 e.

108 1419 556 1490 δημοπιθὴκους.
634 1428 713 1479 De
759 1427 859 1479 hac
895 1428 1275 1494 significatione
1314 1426 1536 1476 nominis
1572 1419 1802 1483 καλλίας
1839 1441 1965 1476 con-

110 1520 215 1564 stat
251 1531 313 1565 ex
352 1515 552 1566 Galeno
590 1517 692 1566 vol.
729 1517 829 1567 Xll
870 1534 920 1582 p.
942 1516 1046 1567 259
1087 1516 1265 1567 Chart.
1305 1514 1625 1566 Dicaearcho
1663 1514 1804 1582 apud
1832 1513 1963 1565 Sui-

108 1600 226 1652 dam
277 1618 318 1653 s.
371 1619 418 1654 v.
486 1599 716 1663 καλλίας
777 1604 997 1669 aliisque
1053 1606 1191 1672 apud
1249 1603 1570 1655 Boeckhium
1630 1603 1695 1655 ad
1752 1601 1964 1654 Pindari

109 1689 266 1758 Pyth.
306 1691 353 1743 11
390 1692 477 1743 72.

929 1801 952 1827 ‘
994 1799 1155 1854 CXV.

248 1905 570 1973 Hesychius,
618 1904 1129 1974 Δημοκλεῖδαιε
1177 1903 1233 1956 οἱ
1280 1902 1424 1969 ξένοι
1458 1902 1553 1955 καὶ
1589 1892 1806 1972 μοιχοί,
1853 1897 1965 1969 ἀπὸ

110 1987 489 2061 Δημοκλείδου
525 1988 780 2046 τοιούτου
816 1989 993 2055 ὄντος.
1066 1988 1330 2064 καθάπερ
1377 1993 1470 2045 καὶ
1512 1988 1637 2054 τοὺς
1674 1987 1967 2064 ἡταιρηκῷ

112 2094 214 2140 τας
256 2074 566 2149 Τιμάρχους
604 2078 805 2149 ἔλεγον,
844 2079 971 2144 τοὺς
1008 2080 1066 2133 δὲ
1105 2079 1377 2151 πονηροὺς
1414 2076 1788 2152 Εὐρυβάτους,
1823 2073 1964 2153 -Κιλτ

108 2163 344 2230 λίκωνας
381 2168 440 2221 δὲ
476 2168 603 2232 τοὺς
640 2169 935 2241 προδότας.
1007 2174 1085 2226 De
1104 2172 1386 2225 Timarcho
1425 2173 1541 2223 v'ide
1580 2188 1736 2240 supra
1774 2190 1824 2240 p
1840 2155 1966 2225 5⁴99.

109 2259 363 2329 Eurybati
398 2260 649 2327 frequens
686 2262 824 2328 apud
862 2263 1088 2313 comicos
1125 2262 1389 2313 memoria.
1480 2262 1583 2312 Pro
1623 2258 1969 2323 Κιλλίκωνας

109 2349 304 2401 rectius
340 2350 583 2401 scribitur
619 2348 1014 2414 Κιλλικῶντας,
1053 2352 1274 2402 docente
1311 2365 1463 2401 versu
1486 2350 1790 2402 Callimachi
1829 2352 1967 2418 apud

110 2437 277 2491 schot„
312 2437 580 2507 Aristoph.
631 2439 750 2490 Pac.
789 2440 923 2491 362:
972 2434 1050 2506 μὴ
1103 2434 1231 2504 σύγε
1287 2435 1566 2504 Θειογένες
1614 2429 1792 2508 κόψῃς
1831 2433 1969 2509 χέρα

111 2521 533 2585 Κιλλικόωντος.
631 2529 904 2597 Proprium
963 2530 1215 2590 hominis,
1290 2528 1377 2595 qui
1444 2530 1663 2596 patriam
1724 2531 1968 2582 Miletum

109 2618 480 2671 Prienensibus
520 2617 812 2683 prodidisse
850 2619 1068 2680 dicitur,
1122 2637 1309 2671 nomen
1361 2618 1528 2670 fuisse
1562 2619 1824 2669 Achaeum
1865 2628 1970 2670 tra·

110 2708 251 2759 ditur
297 2706 434 2773 apud
485 2707 724 2756 Photium
761 2723 814 2775 p.
855 2707 956 2758 105
1003 2708 1074 2759 in.
1172 2708 1250 2758 De
1302 2707 1602 2758 Democlide
1662 2708 1792 2759 nihil
1846 2711 1971 2762 mihi

113 2803 439 2868 compertum
478 2801 574 2848 est.

951 2901 1138 2955 CXVI.

258 3008 578 3077 Hesychius,
624 3002 1469 3076 Διακυνοφθαλμ,ι’ζεταιε
1521 3006 1971 3077 διυποβλὲπεταο,

59 3130 67 3137 -
113 3092 371 3160 διανεύει,
420 3091 663 3158 ἀναιδῶς
698 3092 1067 3149 ἀνθίσταται.
1142 3098 1322 3149 Aelius
1361 3099 1510 3151 Dion.
1551 3102 1687 3168 apud
1729 3105 1966 3155 Eustath.

113 3205 166 3259 p.
215 3187 382 3241 75⁰¹:
438 3184 1134 3304 διακυνοφθαλμίζεσθαιε
1196 3180 1624 3255 ὑποβλέπεσθαι
1679 3192 1773 3244 καὶ
1829 3187 1966 3263 inso-

116 3273 339 3348 ρᾶσθαι
373 3270 656 3341 αλλήλοις.

230 3464 272 3517 ·)
303 3461 365 3507 lta
396 3467 514 3507 recte
547 3475 604 3507 cx
634 3462 856 3519 llesychio
888 3462 1154 3508 Dindoriium
1216 3462 1354 3520 Vulgo
1386 3465 1588 3511 λιποῦσα.
