2202 3918
292 208 400 261 576
991 203 1467 259 NAUSIGRATts

434 348 732 402 Athenaeus
770 347 865 402 Vll
918 364 964 413 p.
1007 345 1111 396 325
1133 328 1193 397 e':
1242 343 1630 416 Ναυσικράτης
1675 343 1733 399 δ’
1774 345 1805 401 ὁ
1853 347 2137 420 κωμῳδιο-

290 431 446 496 ποιὸς
483 434 703 486 ἐπαινεῖ
730 431 828 494 τὰς
866 426 1171 496 Αἰξωνικὰς
1208 430 1429 502 τρίγλας
1475 432 1533 487 ἐν
1575 431 1923 506 Ναυκλήροις
1959 435 2162 503 λέγων.

288 516 463 583 οὕτως
505 519 650 574 Μετ’
692 517 877 572 αὐτῶν
916 554 982 563 —
1021 514 1245 588 τρίγλας
1282 519 1464 588 λέγεις.
1542 526 1684 576 Idem
1704 543 1753 592 p.
1776 528 1882 578 330
1902 528 1958 578 b:
1991 519 2137 576 ‘Pm-

286 611 446 679 μαῖοι
482 609 540 661 δὲ
576 608 806 662 καλοῦσι
846 604 947 671 τὴν
985 605 1208 671 ψῆτταν
1257 603 1500 677 ῥόμβον,
1546 610 1640 660 καὶ
1686 608 1803 685 ἔστι
1850 609 1913 663 τὸ
1960 607 2138 682 ὄνομα

262 694 583 762 ’ἑλληνικόκ
662 691 1052 765 Ναυσικράτης
1086 692 1146 744 ἐν
1182 693 1553 764 Ναυκλήροις·
1607 695 1883 766 προειπών
1921 698 1980 751 δὲ
2015 702 2139 771 περὶ

289 783 532 853 γλαύκου
569 782 669 836 τοῦ
704 778 904 853 ἰχθύος
941 781 1183 850 ἐπιφέρει
1221 783 1300 834 Αἱ
1350 783 1732 855 ξανθοχρῶτες
1778 820 1848 830 —
1898 782 2134 854 πήγνυσ’

282 871 442 943 ὄχλος
489 869 713 945 ῥόμβος.
805 876 891 927 vs.
929 875 962 923 2
1009 867 1211 921 κλίὸων
1247 875 1422 939 priore
1477 875 1593 926 loco
1642 878 1730 926 BP
1781 882 1834 926 et
1873 877 2039 932 altero
2078 879 2136 929 C.

285 955 829 1026 Ibidem'A1'5wvcno'4·
882 961 1056 1027 priore
1095 962 1210 1012 loco
1249 963 1309 1013 C.
1382 958 1631 1024 ἐξωνικὸς
1668 964 1912 1016 ABPVL-
1971 966 2135 1016 altero

281 1053 398 1104 loco
437 1044 740 1115 Αἰξωνικὸς
780 1051 883 1100 CL.
934 1044 1184 1111 ἐξωνικὸς
1223 1051 1422 1104 ABPV.
1486 1080 1555 1087 —
1609 1051 1699 1103 Vs.
1738 1052 1772 1099 3
1807 1052 1922 1101 loco
1960 1054 2134 1119 priore

279 1133 543 1198 ἐντόπους
589 1140 713 1205 epit.
755 1138 1093 1199 Hoeschelii‚
1146 1139 1284 1203 quod
1332 1139 1538 1203 sequuti
1589 1143 1709 1188 sunt
1755 1139 2042 1206 Schweigh.
2082 1147 2135 1192 et

279 1227 597 1291 Diodorfius.
673 1226 906 1275 Praestat
945 1225 1129 1289 opinor
1165 1217 1439 1284 ἐντόποις,
1479 1224 1688 1286 inedia,
1728 1226 1812 1275 vel
1849 1222 2128 1296 ἐμπόροις,

259 1315 418 1381 quod
457 1314 644 1364 malim.
720 1315 1038 1378 Quamquam
1077 1328 1174 1362 nee
1210 1308 1268 1360 ἐν
1307 1304 1510 1372 τόποις,
1546 1315 1605 1363 in
1642 1313 1770 1364 locis
1808 1314 1946 1377 illis,
1985 1333 2130 1382 sper-

277 1402 519 1454 nendum.
595 1400 689 1451 cfr
725 1401 990 1466 Aristoph.
1030 1401 1241 1454 Thesm.
1265 1403 1394 1451 664:
1431 1398 1561 1460 εἴτις
1596 1398 1654 1450 ἐν
1691 1396 1879 1462 τόποις
1916 1398 2130 1472 ἑδραῖος

276 1485 443 1549 ἄλλος
499 1474 570 1538 αὖ
629 1486 868 1549 λέληθεν
924 1481 1020 1538 ιίίν.
1094 1516 1165 1523 ——
1238 1489 1326 1541 Vs·
1382 1491 1414 1542 6
1481 1490 1644 1540 altero
1708 1492 1824 1540 loco
1882 1486 2126 1558 τρίγλαν.

277 1578 550 1630 Postrema
590 1578 746 1628 verba
784 1571 1209 1644 γαλακτοχρῶτα
1248 1582 1345 1627 etc.
1398 1594 1530 1643 quae
1569 1594 1631 1628 ex
1668 1580 1831 1629 altero
1872 1581 2126 1631 Athenaei

275 1668 389 1717 loco
429 1671 773 1725 accesserunt,
814 1665 938 1729 quid
976 1665 1074 1714 sibi
1112 1664 1271 1714 velint
1309 1661 1461 1715 nem‘o
1501 1667 1671 1716 adhuc
1711 1668 1901 1717 docuit.
1960 1670 2133 1727 Recte·

273 1753 799 1818 Schweighaeuserus
853 1758 1030 1802 contra
1070 1752 1430 1803 casaubonum
1482 1756 1708 1816 monuit,
1756 1772 1854 1805 non
1907 1756 2008 1805 hoc
2046 1758 2123 1806 di-

274 1857 395 1892 cere
422 1840 765 1900 Athenaeum,
804 1836 1031 1906 ψῆτταν
1069 1841 1262 1905 piscem
1288 1840 1499 1891 Graecis
1538 1843 1691 1891 etiam
1716 1835 1928 1911 ῥόμβον
1962 1843 2122 1895 fuisse

271 1935 539 1979 vocatum:
589 1927 680 1977 sed
731 1928 833 1976 hoc
871 1943 1027 1977 unum
1078 1942 1196 1976 eum
1248 1928 1502 1989 voluisse,
1554 1929 1766 1979 latinum
1815 1933 2120 1983 vocabulum

269 2016 535 2067 rhombum
592 2030 685 2065 sua
732 2015 932 2080 origine
980 2028 1222 2080 graecum
1275 2030 1405 2064 esse.
1482 2014 1590 2065 Iam
1627 2030 1960 2068 numerorum
1998 2035 2120 2070 con-

271 2103 570 2155 cinnitatem
612 2106 664 2152 et
700 2101 1008 2153 sententiam
1047 2103 1117 2152 ita
1155 2101 1532 2167 quodammodo
1569 2104 1847 2155 restituere
1882 2105 2083 2158 licebit:

523 2184 754 2258 τρίγλαν
792 2186 960 2255 λέγεις
996 2187 1440 2257 γαλακτοχρῶτα,
1478 2186 1704 2251 Σικελὸς
1739 2182 1809 2253 ἥν

521 2272 761 2342 πήγνυσ’
802 2273 960 2345 ὄχλος
995 2272 1275 2346 ῥόμβοισι.

266 2368 336 2418 Η.
377 2383 423 2417 e.
471 2367 692 2434 trigiam
737 2367 893 2428 dicis,
937 2384 1091 2434 quam
1130 2365 1434 2416 Siciliensis
1464 2368 1739 2435 plebecula
1777 2372 2108 2439 magicarum

263 2461 503 2504 rotarum
538 2456 768 2521 strepitu
803 2454 1010 2521 defigit.
1098 2454 1243 2518 Quae
1288 2454 1352 2503 ad
1403 2456 1578 2505 nescio
1630 2473 1780 2521 quam
1819 2459 2110 2509 Siculorum

155 2550 166 2555 “
262 2542 682 2609 superstitionem
720 2549 961 2608 spectare
1000 2540 1254 2592 videntur.
1345 2543 1413 2593 At
1463 2543 1543 2593 vix
1592 2544 1845 2594 credibile
1893 2550 1971 2594 est
2021 2546 2114 2595 tri-

260 2631 389 2697 glis‚
452 2646 578 2694 quas
626 2629 804 2696 paucis
851 2629 1083 2679 versibus
1131 2634 1250 2678 ante
1307 2624 1704 2695 ξανθοχρῶτας
1750 2632 2113 2696 appellaverat,

260 2733 396 2768 nune
435 2718 656 2766 lacteum
696 2718 924 2767 colorem
963 2715 1136 2765 tribui.
1211 2717 1427 2767 Accedit
1464 2717 1603 2782 quod
1637 2718 1935 2770 Athenaeus
1971 2720 2111 2770 Nau-
2195 2714 2200 2718 ’

259 2805 497 2855 sicratem
538 2799 752 2872 ῥόμβον
791 2818 1224 2855 commemorasse
1262 2804 1404 2865 dicit,
1440 2810 1710 2870 postquam
1747 2805 1790 2855 is
1823 2805 1889 2855 de
1924 2807 2109 2871 glauco

258 2893 402 2958 pisce
441 2892 678 2954 dixisset,
719 2887 996 2958 προειπών
1029 2888 1154 2957 περὶ
1189 2884 1429 2955 γλαύκου
1477 2888 1575 2941 τοῦ
1612 2883 1812 2957 ἰχθύος
1848 2890 2106 2961 ἐπιφέρει.

159 2988 164 2991 ’
257 2981 336 3030 Ex
375 2995 477 3044 quo
519 2987 752 3043 apertum
797 2996 914 3030 esse
961 2980 1184 3029 arbitror
1235 2980 1391 3029 verba
1443 2975 1910 3046 ,,γαλακτοχρῶτα
1945 2978 2106 3029 Σικε-

259 3058 454 3123 λὸςχόν
505 3058 745 3129 πήγνυσ’
787 3061 946 3132 ὄχλος
995 3060 1297 3134 ῥόμβοισι”
1344 3067 1408 3115 ad
1456 3062 1694 3133 glaucum
1733 3068 1951 3133 piscem,
2001 3084 2102 3120 non

260 3160 434 3204 autem
474 3153 537 3202 ad
562 3154 763 3219 triglam
789 3154 1070 3220 pertinere,
1115 3161 1168 3204 et
1206 3169 1321 3205 cum
1362 3155 1527 3220 primo
1563 3155 1773 3207 fabulae
1809 3156 2100 3223 fragmeuto

226 3243 329 3292 ·ita
368 3241 730 3304 coniungenda
767 3258 909 3292 esse:

504 3324 742 3390 γλαῦκον
778 3326 945 3393 λέγεις
985 3324 1424 3399 γαλακτοχρῶτα,
1461 3323 1686 3388 Σικελὸς
1721 3319 1788 3378 ὄν

507 3407 748 3479 πήγνυσ’
790 3409 948 3481 ὄχλος
986 3410 1266 3488 ῥόμβοισι.
