2202 3918
300 201 406 252 682
1007 195 1457 250 FRAGMENTA

297 335 594 410 μοχθηρὸν
630 335 734 410 γὰρ
767 336 828 390 ἐν
864 335 930 411 τῇ
965 333 1226 407 κωμῳδία
1253 334 1439 406 σχῆμα
1468 335 1858 406 παλαίσματος
1893 335 1957 390 τὸ
1993 339 2147 410 πέρ-

299 427 441 492 δην.
528 430 745 482 Photins
794 431 856 481 ab
907 430 1122 481 Alberto
1172 430 1495 491 emendatae,
1537 418 2031 498 Μεσοπέρδην3
2087 428 2146 481 ἐκ

298 516 409 568 τῶν
454 517 656 586 μέσων.
728 514 856 568 ἀντὶ
905 515 1006 568 τοῦ
1051 515 1419 585 μεσοᾳέρδην,
1459 512 1843 584 μεμενηκότων
1891 516 2002 569 ταῖν
2010 513 2141 589 ἀρ-

290 603 475 675 χαίων
499 600 877 676 χαρακτήρων.
951 608 1120 658 Recte
1157 607 1427 661 Dobraeus
1465 607 1639 658 Adv.1
1671 624 1720 674 p.
1742 610 1893 670 601,
1900 624 2140 675 ,μεσο-

295 693 566 765 φὲρδην
610 715 639 748 a
677 694 841 764 ᾳέρω,
879 701 938 747 ut
974 689 1180 764 α’ρδην,
1228 688 1474 764 φύρδην,
1513 689 1723 763 σύρδην
1759 702 1860 749 etc.
1910 699 2050 766 quod
2085 700 2138 752 in

295 791 503 854 turpem
539 786 708 837 iocum
749 778 968 837 detorsit
1004 784 1282 837 comicus?

1062 926 1390 980 cccxvm.

430 1035 616 1087 Ponux
657 1034 728 1088 lv
769 1035 901 1086 169:
938 1028 1714 1103 παρακρουσιχοὶνικος
1750 1029 1810 1083 ἐν
1845 1027 1913 1104 τῇ
1948 1048 2136 1102 κωμῳ-

288 1119 387 1194 δία
425 1118 455 1174 6
492 1120 914 1191 κρουσιμετρῶν.
954 1154 1021 1164 —-
1063 1125 1348 1176 ibid.179:
1387 1119 1450 1173 τὸ
1488 1120 1545 1172 δὲ
1582 1119 1819 1173 κενῶσαι
1854 1116 1947 1171 διὰ
1983 1119 2135 1171 καθ-

256 1200 491 1279 ’άρσεως
527 1210 621 1260 καὶ
657 1209 914 1274 ἐξινῶσαι
949 1210 1183 1277 λέγουσι,
1221 1210 1318 1260 καὶ
1347 1208 1767 1277 ἐξινωμένον
1805 1204 1835 1272 ἡ
1874 1202 2135 1278 κωμῳδία

282 1298 380 1349 τὸν
415 1297 853 1367 κεκαθαρμένον,
887 1294 960 1360 ὥς
997 1297 1052 1349 ἐκ
1092 1295 1200 1349 τῶν
1236 1291 1369 1349 ἰνῶν
1398 1298 1702 1369 φερομένης
1738 1294 1834 1360 τῆς
1863 1294 2041 1364 χολῆς.
2064 1327 2132 1336 --

282 1389 412 1441 lbid.
455 1390 588 1440 1823
621 1382 1081 1458 ποδοστράβη
1122 1385 1186 1438 τὸ
1223 1384 1293 1439 τὰ
1328 1388 1653 1457 στρέμματα
1689 1383 2038 1437 κατευθῦνον
2073 1382 2131 1434 έν

279 1474 348 1548 τῇ
384 1473 647 1548 κωμῳδία
683 1474 962 1545 ἐργαλεῖον
999 1470 1262 1547 ἰατρικόν.
1335 1480 1406 1531 Et
1443 1494 1591 1530 mox:
1637 1474 1729 1527 καὶ
1766 1469 2128 1545 μαχαίρια

278 1563 337 1616 δὲ
372 1560 602 1618 ἐκάλουν
638 1565 692 1617 οἱ
728 1566 840 1619 νέοι
877 1564 1130 1638 κωμῳδοὶ
1168 1565 1228 1618 ἐν
1264 1555 1347 1629 οἷς
1380 1561 1689 1635 άπέσχαζον
1723 1558 1759 1630 ἢ
1796 1561 2022 1634 ἔσχιζον.

1063 1710 1335 1793 CCCXIX.

418 1817 602 1868 Pollux
642 1816 688 1869 V
726 1818 857 1867 1013
894 1814 989 1866 καὶ
1026 1809 1225 1876 ἄλλους
1263 1813 1323 1866 δέ
1361 1832 1516 1878 τινας
1550 1810 1791 1885 κόσμους
1826 1808 2124 1882 ὀνομάζου-

273 1921 368 1957 σιν
402 1905 457 1955 οἱ
491 1899 1027 1975 κωμωδοδάσκαλοι,
1067 1901 1261 1971 ληρον,
1298 1899 1637 1972 ὁχθοίβους,
1672 1900 1939 1972 ὄλεθρον,
1977 1902 2121 1955 ἐλλέ-

274 1993 475 2061 βορον,
523 1989 917 2063 πομφόλυὶας,
928 1988 1294 2092 βάραθρον,
1333 1993 1678 2095 περιστέρια,
1714 1987 1989 2061 σαμάκια,
2028 2009 2119 2044 σι-

271 2077 560 2150 σύμβριον,
599 2076 870 2152 σισάριον,
905 2079 984 2130 ὠν
1020 2075 1086 2132 οὐ
1123 2077 1322 2155 ῥάδιον
1357 2080 1454 2144 τὰς
1490 2075 1640 2144 ἰδέας
1667 2079 1988 2146 συννοῆσαι,
2024 2078 2118 2132 διὰ

268 2169 332 2223 τὸ
383 2170 522 2240 μηδὲ
569 2166 855 2240 πρόχειρον
900 2158 1044 2221 εἶναι
1092 2187 1219 2222 τινα
1264 2170 1533 2236 κατιδεῖν,
1578 2170 1682 2227 εἶτε
1721 2166 2118 2236 σπουδάζοντες

265 2259 373 2313 εἴτε
409 2257 692 2325 παίζοντες
723 2258 962 2330 χρῶνται
1001 2259 1115 2322 τοῖς
1151 2255 1444 2330 ὀνόμασιν.

1064 2391 1315 2444 CCCXX.

408 2497 593 2548 Pollux
636 2497 700 2548 Vl
745 2497 841 2546 423
890 2494 983 2545 καὶ
1018 2495 1430 2565 φαγέσωρον
1465 2492 1563 2547 τὸν
1597 2491 1887 2559 ἄπληστον
1917 2499 1972 2551 οἱ
2007 2518 2111 2554 κω-

262 2584 414 2654 μικοὶ
448 2579 767 2651 ω’νόμαζον,
814 2583 909 2633 καὶ
948 2580 1047 2647 τὴν
1083 2583 1323 2655 γαστέρα
1375 2582 1473 2636 τοῦ
1522 2579 1774 2636 τοιούτου
1823 2603 2110 2655 φαρμα-

262 2674 457 2725 κῖτιν.
536 2675 609 2723 lta
650 2675 717 2724 1-1.
757 2660 1062 2740 Stephanus(
1091 2690 1185 2742 pro
1226 2669 1601 2744 φαρμακίτην.
1635 2708 1703 2717 --
1739 2676 1870 2729 lbid.
1906 2676 2007 2728 45:
2041 2671 2108 2738 (ἲς

263 2760 323 2813 δὲ
360 2760 414 2811 οἱ
452 2758 551 2810 νῦν
592 2758 848 2822 θλαστὰς
885 2757 1088 2827 (ἐλάας
1103 2767 1145 2828 ),
1182 2756 1387 2825 ταύτας
1424 2758 1736 2833 πυρῆνας
1771 2762 1826 2814 οἱ
1862 2760 2108 2832 κωμικοί.

249 2883 334 2921 ν----
375 2852 505 2907 ibid.
543 2852 640 2900 48:
679 2845 708 2901 6
746 2846 849 2920 γάρ
887 2845 1162 2919 ὁξερίας
1197 2848 1400 2922 τυρὸς
1435 2850 1647 2921 εἴρηται
1682 2855 1786 2923 μὲν
1820 2852 1887 2929 τῆ
1919 2873 2107 2927 κωμῳ-

265 2934 388 3011 διἀ,
435 2933 716 2990 Σικελικόν
754 2938 811 2989 δε
851 2937 912 2990 τὸ
949 2935 1172 3008 ὲδεσμα.
1244 2973 1314 2982 -
1386 2943 1515 2994 lbid.
1552 2945 1649 2995 62·
1699 2943 1754 2994 οἱ
1784 2946 2012 3012 κωμικοὶ
2047 2941 2103 2996 δ’

260 3022 548 3094 ωνόμαζον
585 3026 652 3076 τά
688 3024 1070 3110 περικόμματα
1106 3029 1202 3080 καὶ
1232 3023 1626 3097 χναύματα.
1670 3035 1865 3088 Vocem
1881 3031 2106 3102 χναῦμα

263 3123 434 3177 recte,
474 3124 616 3183 puto,
664 3119 866 3169 restitui
905 3120 1264 3171 Mnesimacho
1302 3121 1545 3188 Hippotr.
1595 3138 1670 3173 vs.
1719 3123 1802 3174 12.
1862 3125 1949 3176 uhi
1986 3126 2104 3178 vide

263 3222 393 3274 quae
431 3206 603 3257 notavi
643 3207 742 3258 vol.
782 3208 856 3259 111
898 3225 948 3275 p.
985 3208 1108 3258 571.

1032 3337 1317 3390 cccxxi.

405 3439 590 3491 Pollux
628 3439 700 3493 Vl
738 3441 867 3493 164:
918 3437 1344 3510 παλίμπηγα
1397 3441 1453 3493 οἱ
1506 3443 1735 3512 κωμικοὶ
1782 3424 1850 3495 τὰ
1888 3439 2101 3496 παλαιά
2200 3414 2202 3439 ⁵
