2202 3918
313 196 420 248 sao
1009 194 1470 254 APOLLODORI

767 350 1716 434 APOLLODORUS.

946 546 1527 607 ΑΔΕΛΦΟΙ.

309 659 426 712 Vita
465 659 629 710 otiosa
668 658 819 725 plena
858 657 1190 709 beatitudinis

306 749 351 799 si
389 763 507 798 oum
545 748 724 798 otiosis
763 745 875 796 aliis
914 746 1067 796 vitam
1108 748 1378 814 transigas.

304 853 421 890 cum
459 837 619 887 simiis
655 834 887 900 ferisque
924 839 1180 901 agentem,
1219 836 1418 886 simiam

302 926 419 977 fieri
456 941 671 978 necesse
709 929 814 975 est=
853 939 884 974 o
921 924 1075 977 vitam
1114 925 1546 978 aerumnabilem!

693 1117 1750 1176 ΑΦΑΝΙΖΟΜΕΝΟΣ.

256 1260 265 1276 ,
298 1232 399 1297 Qui
438 1230 563 1282 felix
599 1229 663 1280 ad
701 1232 966 1280 senectam
1003 1227 1359 1292 perduraverit

295 1319 462 1383 miles,
500 1318 599 1370 nisi
635 1319 771 1369 inter
806 1315 1030 1379 timidos,
1066 1317 1288 1382 reperiri
1325 1317 1466 1371 haud
1504 1326 1692 1388 potest.

922 1487 1516 1542 ΓΑΛΑΤΑΙ.

292 1600 642 1664 quoscunque
681 1612 889 1648 moeror
925 1602 1014 1648 ant
1051 1613 1174 1650 cura
1210 1598 1368 1650 habet
1405 1595 1677 1661 exercitos,

290 1688 366 1739 eis
402 1687 566 1739 videri
603 1687 760 1754 longa
795 1703 897 1738 nox
935 1685 1144 1753 quaevis
1183 1687 1334 1738 solet.

723 1870 1701 1927 ΔΙΑΜΛΡΤΛΝΩΝ.

281 1984 573 2036 Miserabar
609 1983 810 2034 iuvenis
846 1982 1034 2033 acerba
1069 1979 1280 2031 funera:

280 2077 333 2122 at
370 2088 503 2123 nunc
540 2072 743 2137 quoties
779 2073 987 2123 intueor
1025 2070 1298 2136 exsequias
1334 2068 1493 2133 senis,

277 2160 331 2212 id
367 2161 652 2229 lachryme.
724 2178 844 2213 nam
880 2177 997 2213 mox
1034 2159 1216 2210 eadem
1254 2175 1339 2211 me
1374 2162 1574 2227 spectat
1610 2159 1706 2212 via.

790 2337 1621 2396 ΚΙΘΑΡΩΙΔΟΣ.

270 2450 388 2501 Non
427 2454 611 2500 cuncta
649 2450 823 2517 Phryx
859 2467 990 2512 sum,
1022 2450 1200 2501 crede.
1270 2451 1316 2499 si
1354 2450 1457 2500 vita
1493 2451 1623 2500 mihi

269 2538 401 2588 mori
440 2554 557 2589 esse
598 2539 797 2591 videam
832 2539 1037 2602 meliuS‚
1074 2538 1178 2590 hoc
1213 2538 1384 2604 ipsum
1422 2538 1629 2605 eligam.

881 2728 943 2783 A
972 2728 1031 2781 A
1075 2728 1130 2780 K
1162 2728 1220 2780 A
1257 2727 1288 2778 1
1325 2725 1387 2780 N
1417 2725 1491 2781 A.

1180 2820 1222 2872 1.

258 2910 437 2961 Annon
474 2907 668 2958 seniles
706 2923 789 2969 ne,
831 2907 1053 2971 Phaine,
1091 2909 1371 2975 spreveris,
1424 2929 1432 2938 ·

257 2997 322 3047 ad
361 3013 492 3062 quos
529 2996 803 3062 pervenies
842 3002 895 3047 et
931 3002 989 3048 tu
1026 2997 1248 3048 vivendo
1287 2997 1392 3047 diu.

257 3085 350 3135 sed
388 3100 546 3135 unum
585 3090 662 3134 est
698 3086 752 3135 in
790 3100 892 3151 quo
930 3102 960 3136 a
997 3086 1149 3136 vobis·
1181 3089 1355 3151 patres
1394 3085 1675 3138 vincimur:

242 3189 375 3243 *nam
414 3172 457 3222 ai
494 3187 594 3237 qua
630 3173 683 3223 in
721 3189 779 3224 re
815 3174 988 3225 minus
1020 3174 1368 3239 indulgemus,
1404 3175 1544 3226 illico

258 3261 514 3324 audimus,
552 3261 674 3312 Non,
706 3260 850 3314 fuisti
887 3263 1089 3316 iuvenis
1125 3269 1181 3314 tu
1220 3278 1426 3329 quoque
1440 3264 1471 3314 2²-

259 3356 311 3400 at
347 3355 526 3402 contra
564 3350 772 3417 genitor
806 3357 927 3403 nato
965 3351 1226 3418 morigero
1264 3352 1435 3402 minus

257 3438 398 3491 haud
435 3443 515 3489 est
550 3444 609 3490 ut
644 3438 798 3503 dicat,
834 3440 951 3492 Non
988 3440 1134 3493 fuisti
1170 3445 1225 3492 et
1259 3446 1316 3493 tu
1353 3441 1549 3493 senex?
