2202 3918
810 194 1243 251 ΕΙΛΕΙΘΥΙΑ.
1850 199 1956 254 58⁵

101 347 304 416 pergite
353 339 538 395 ἔπειτα
585 334 836 410 αὗχὴσας
874 337 904 393 ό
941 335 1199 410 μάγειρος
1232 329 1539 398 ει’δὲναι,τὸ
1574 335 1958 412 ἠγορασμένον

105 432 256 502 ὄψον
309 419 583 494 σκευάζειν
626 428 929 499 μουσικῶς,
989 429 1148 500 ληρεῖ
1201 418 1290 480 ὅτι
1336 422 1443 496 πρὸ
1486 425 1598 489 ,τῆς
1640 430 1960 502 μαγειρικῆς

105 523 295 591 τέχνης
347 515 616 591 πρότερον
660 520 877 589 μαθεῖν
922 518 1011 571 δεῖ
1049 516 1233 587 ἑτέρας
1270 514 1492 585 τέχνας,
1540 509 1963 586 ἀστρολογικήν,

105 604 356 678 ἰατρικήν
391 607 506 662 κτλ.
566 644 631 654 -—
684 613 775 666 Vs.
812 612 883 662 1⁰
919 610 1076 677 vulgo
1112 603 1375 658 διακόνου
1406 599 1520 656 ’στὶ
1557 602 1671 657 τοῦ.
1746 609 1873 660 cod.
1912 612 1960 662 Α

111 692 432 752 διακόνουσ’
474 693 689 753 τούτου.
777 699 1014 751 Correxit
1060 682 1620 764 Schweighaeuserus‚
1666 696 1753 760 qui
1799 703 1960 770 totam

109 792 247 843 hanc
282 786 446 859 ῥῆσιν
479 790 602 841 inde
637 807 668 840 a
704 790 830 840 vs.8
866 802 1031 854 usque
1063 787 1128 837 ad
1166 779 1426 853 τυχόντος
1451 801 1525 836 vs.
1554 784 1621 834 10
1643 784 1811 835 alteri
1838 802 1958 852 per-

109 896 267 932 sonae
306 878 708 930 continuandum
740 883 793 928 et
820 894 914 943 per
951 875 1412 942 interrogationem
1449 873 1770 926 efferendam
1806 874 1962 926 viditz

109 970 191 1019 At
225 970 395 1018 sciam
426 969 478 1016 ει·
512 973 574 1016 tu
609 966 841 1015 dixeris.-
884 981 1009 1014 nam
1056 969 1332 1031 acceptum
1378 965 1579 1030 piscem
1615 969 1823 1014 emtum·
1844 962 1964 1014 red-

108 1058 233 1108 dere
277 1058 415 1106 scite
452 1061 736 1122 paratum,
783 1069 959 1104 nonne
994 1052 1090 1103 Izoe
1129 1058 1210 1103 est
1235 1051 1441 1118 famuli
1476 1052 1800 1103 cuiuslibet?
1871 1053 1965 1104 At-

108 1161 214 1211 que
248 1146 319 1196 its
357 1144 512 1195 etism
551 1143 815 1194 Dobraeus
853 1142 1093 1209 Append.
1133 1141 1197 1192 ad
1236 1141 1503 1209 Aristoph.
1543 1159 1593 1209 p.
1633 1126 1831 1205 (114)}
1867 1157 1965 1207 pro

110 1227 345 1300 πότερον
379 1234 511 1284 ved)
548 1233 779 1283 scribens
815 1225 1030 1299 πότερ’,
1067 1246 1220 1298 quem
1258 1235 1511 1297 sequutus
1549 1235 1630 1281 est
1667 1230 1821 1281 etiam
1844 1231 1968 1282 Din-

117 1323 337 1374 dorfius.
408 1321 608 1388 Quibus
645 1321 914 1373 Hanovius
950 1324 1140 1372 Exere.
1177 1303 1290 1371 crit'.
1331 1337 1381 1387 p.
1405 1320 1503 1370 131
1545 1320 1616 1370 ita
1651 1320 1972 1386 obloquutus

109 1415 209 1472 est,
245 1417 303 1461 ut
341 1426 511 1475 neque
547 1403 794 1478 πότερον
816 1412 899 1462 vei
937 1403 1142 1479 πότερα
1188 1410 1241 1460 in
1279 1410 1502 1477 simplici
1552 1410 1788 1460 oratione
1823 1414 1971 1461 recte

113 1499 214 1550 dici
253 1499 559 1561 affirmaret,
596 1506 651 1550 et
689 1516 760 1550 vs.
801 1500 870 1550 10
907 1516 1011 1551 uon
1049 1493 1312 1551 διακόνου
1349 1495 1502 1549 ἐστὶν
1537 1492 1604 1548 οὐ
1641 1492 1972 1566 τοῦτυχόν-

110 1603 232 1647 τος,
280 1587 373 1638 sed
422 1586 593 1653 potius
645 1579 712 1636 οὐ
761 1583 861 1636 τοῦ
907 1581 1168 1654 τυχόντος
1217 1580 1480 1637 διακόνου
1524 1583 1644 1637 ἐστὶ
1692 1587 1970 1640 dicendum

110 1677 276 1728 fuisse
315 1675 675 1726 contenderet.
750 1676 1009 1727 Neutrum
1047 1679 1194 1727 recte
1231 1676 1495 1727 obiectum
1531 1682 1627 1748 est.
1695 1677 1771 1727 De
1809 1671 1974 1727 πότε-

114 1779 213 1833 ρον
247 1766 300 1815 in
338 1763 562 1831 simplici
596 1763 1008 1831 interrogatione
1055 1762 1258 1826 (altera
1297 1765 1454 1817 tacite
1491 1769 1803 1833 suppressa)
1848 1767 1975 1820 vide
2034 1770 2039 1783 '

112 1871 180 1907 ue
216 1855 374 1919 longe
410 1853 590 1904 abeam
630 1852 875 1919 Aeschyl.
914 1854 1059 1906 Pers.
1097 1853 1221 1906 244.
1255 1853 1504 1921 Sophoci.
1544 1856 1676 1907 Oed.
1717 1856 1830 1908 Coi.
1867 1857 1976 1908 333

121 1950 176 1994 et
214 1943 436 1993 l’hiioct.
477 1942 633 1993 1219.
707 1943 1052 1994 Anaxandrid.
1105 1944 1231 1996 Ter.
1272 1943 1292 1993 1
1343 1945 1378 1994 2
1426 1949 1480 1995 et
1527 1945 1737 2012 Fragm.
1790 1947 1975 1998 comic.

79 2022 84 2028 ’
122 2047 365 2098 anonym.
389 2031 507 2082 186.
547 2031 782 2083 Alterum
803 2038 994 2094 autem,
1031 2025 1294 2082 διακόνου
1325 2024 1437 2081 ’στ’
1462 2026 1529 2082 οὐ
1566 2031 1666 2084 τοῦ
1700 2027 1976 2101 τυχόντος,

120 2128 265 2172 recte
313 2122 507 2171 dictum
556 2120 779 2182 videbit,
829 2121 919 2187 qui
955 2114 1055 2186 οὐχ
1092 2113 1122 2170 ὁ
1172 2115 1350 2187 τυχών
1402 2121 1468 2172 de
1521 2123 1707 2174 eximio
1762 2124 1986 2177 homine·

123 2216 268 2261 recte
309 2210 414 2259 dici
461 2209 775 2260 meminerit.
866 2210 1048 2276 ltaque
1095 2209 1226 2260 iliud
1280 2210 1420 2275 idem
1470 2217 1550 2262 est
1586 2229 1647 2263 ac
1683 2213 1728 2264 si
1765 2213 1980 2266 dixisset

122 2292 386 2349 διακόνου
431 2295 550 2348 ἐστὶ
589 2295 967 2364 διαφέροντος.
1023 2331 1088 2340 —-
1154 2299 1242 2351 Vs.
1284 2301 1346 2351 ll
1399 2301 1658 2352 sententia
1700 2302 1992 2354 verborum*

122 2395 205 2441 est
243 2382 449 2436 τελείου
483 2381 752 2453 μαγείρου
786 2381 941 2453 ἑτέρα
978 2384 1096 2437 ἐστὶ
1134 2382 1412 2448 διάθεσις.
1469 2419 1538 2428 --
1593 2391 1682 2442 Vs.
1723 2389 1791 2439 14
1837 2383 1980 2439 ἀλλὰ

59 2461 75 2478 “
124 2472 451 2543 ἔμπροσθεν
470 2477 530 2528 Β.
568 2507 637 2517 -
676 2474 767 2528 Vs,
790 2475 857 2526 15
896 2477 1114 2529 mirifice
1153 2495 1184 2528 a
1222 2494 1381 2530 sensu
1420 2479 1521 2530 loci
1558 2479 1867 2530 aberrarunt
1901 2480 1978 2532 in·

123 2571 401 2632 terpretes.
440 2565 644 2616 Multae
681 2572 802 2616 sunt
839 2573 999 2628 artes,
1035 2568 1220 2633 inquit,
1259 2583 1386 2633 quas
1416 2568 1689 2634 percipere
1717 2584 1817 2638 non
1858 2569 1982 2620 licet

123 2655 219 2706 nisi
257 2662 409 2705 antea
446 2653 573 2706 alias
609 2659 747 2705 artes
785 2656 836 2705 in
877 2655 1162 2706 subsidium
1199 2656 1476 2707 vocaveris.
1554 2657 1827 2708 simillima
1865 2659 1984 2709 vide

59 2749 67 2756 '
124 2743 264 2810 apud
301 2742 625 2808 Sosipatrum
669 2739 997 2808 Καταψευδ.
1044 2742 1124 2792 15.
1200 2773 1269 2783 —
1346 2745 1432 2796 Vs.
1477 2744 1543 2793 15
1583 2746 1741 2795 verba
1779 2741 1985 2813 ζωγρα-

131 2829 269 2899 ᾳὶας
304 2818 504 2897 ἧφθαι
542 2839 785 2899 corrupta
825 2849 940 2883 esse
979 2839 1031 2883 et
1060 2838 1282 2882 metrum
1321 2834 1492 2899 arguit
1530 2839 1584 2884 et
1620 2833 1784 2884 multo
1823 2836 1987 2903 magis

82 2943 91 2951 ’
130 2923 421 2974 sententiae
458 2922 607 2972 ratio.
683 2922 957 2973 Falluntur
995 2921 1131 2972 enim
1171 2922 1485 2988 interpretes
1522 2922 1609 2988 qui
1648 2917 1988 2991 ζωγραφίαν,

129 3026 280 3077 quam
322 3018 477 3077 poeta
513 3019 909 3072 commemorat,
941 3011 1081 3061 hunc
1119 3011 1182 3061 ad
1220 3012 1573 3077 coquinat-iam
1612 3018 1776 3063 artem
1806 3028 1989 3065 neces-

130 3100 317 3151 sariam
358 3099 601 3151 statuisse
638 3101 948 3151 existimant.
1037 3101 1199 3151 immo
1247 3100 1592 3151 certissimum
1633 3109 1713 3153 est
1751 3118 1987 3164 mancum

81 3180 90 3187 ⁹
134 3204 254 3239 esse
301 3188 497 3250 locum,
553 3195 607 3238 et
651 3188 977 3240 intercidisse
1028 3190 1141 3241 eius
1178 3190 1304 3240 artis
1354 3191 1682 3254 memoriam,
1735 3192 1800 3242 ad
1839 3208 1988 3258 quam

137 3277 353 3342 pictoria
390 3292 521 3344 opus
560 3293 678 3328 esse
718 3277 932 3329 dixerat.
990 3278 1127 3330 Tum
1167 3278 1376 3330 demum
1414 3277 1480 3330 ad
1517 3280 1865 3346 coquinarium
1904 3296 1988 3331 re·

141 3361 244 3427 dit,
291 3360 461 3414 ταῦτα
514 3365 603 3414 καὶ
650 3364 966 3433 μαγειρικῆς
1005 3365 1117 3419 κτλ.
1164 3370 1247 3419 ita
1293 3369 1458 3420 etiam
1505 3371 1595 3437 qui
1644 3369 1988 3436 coquinarius

139 3454 248 3503 arti
286 3469 495 3523 operam
534 3454 756 3507 daturus
810 3463 914 3521 est,
963 3459 1013 3508 ei
1050 3455 1248 3510 multae
1287 3465 1412 3510 ante
1450 3464 1593 3511 artes
1632 3457 1988 3509 addiscendae
