2202 3918
235 207 340 260 (5:34
940 194 1390 257 FRAGMENTA

1064 343 1274 397 cxvll.

265 506 276 512 ,
378 452 691 521 Hesychius,
738 444 1322 516 Διαπερὸικίσαιε
1379 446 1718 515 διαλαλῆσαι
1752 450 1846 501 καὶ
1884 449 2092 519 διαφυ-

236 539 368 608 γεῖν.
441 541 545 594 Pro
592 535 932 601 διαλαλῆσαι
981 538 1411 591 Hemsterhusius
1459 536 1846 603 διολισθῆσαι.
1926 542 2091 592 Immo

237 625 576 691 ὃιαλινῆσαι,
614 629 808 680 callide
841 645 939 695 per
975 626 1192 694 laqueos
1230 628 1482 695 effugere.
1533 629 1676 680 Nihil
1713 630 2092 697 propemodum

238 719 487 770 differunt
524 711 1049 768 ΔΙΑΛΑΛΗΣΑΙ
1078 720 1131 766 et
1167 713 1676 768 ΔΙΑΛΙΝΗΣΑΙ.
1750 718 1937 770 Simile
1975 720 2092 770 Ari-

151 870 161 882 Ι
236 807 566 874 stophanium
614 798 989 871 ἐκπερδικίσαι
1031 805 1179 856 Avib.
1217 806 1340 855 768.
1430 805 1576 857 Idem
1638 808 1851 858 verbum
1900 808 2093 859 iterum

235 894 504 961 Hesychio
553 893 933 944 restituendum
985 892 1039 943 in
1087 892 1394 959 hacglossa,
1458 887 1785 957 Διενήξατοτ
1852 890 2096 965 ἐξέφυγε.

237 983 316 1034 lta
358 982 523 1034 edidit
565 982 832 1034 MusuruS.
919 979 1051 1032 Cod.
1098 978 1628 1032 ΔΙΕΝΝΗΣΛΤΟ
1675 983 1710 1036 i.
1750 1000 1797 1036 e.
1846 981 2095 1035 A1EAI-

235 1067 474 1120 ΝῌΣΑ
484 1064 598 1122 ΤΟ.

920 1140 1158 1192 CXVIII.
1234 1140 1420 1192 CXIX.

380 1246 710 1314 Hesychius,
758 1242 804 1295 A
819 1261 839 1295 ι
851 1261 889 1294 α
902 1261 940 1294 π
957 1260 988 1294 ο
1000 1259 1031 1294 ν
1047 1240 1081 1294 δ
1094 1262 1130 1294 α
1143 1261 1175 1313 ρ
1188 1238 1207 1293 ι’
1222 1241 1280 1307 ζε
1294 1261 1312 1294 ι
1326 1263 1341 1295 =
1388 1239 1851 1313 διαναβάλλεται,
1901 1244 2095 1297 διανα-

241 1329 514 1405 ρι’πτεται.
598 1336 769 1386 Recte
826 1335 1094 1400 corrigunt
1150 1329 1546 1401 διαπυὸαρίζει.
1626 1328 2098 1405 Ἀποπυδαρίζειν
2200 1328 2202 1330 ’

238 1424 366 1475 dixit
407 1424 673 1490 Aristoph.
712 1425 848 1490 Equ.
887 1424 1010 1474 697.
1082 1452 1154 1463 ·--
1208 1421 1524 1490 Hesychius,
1561 1421 1606 1475 A
1619 1440 1675 1475 ιε
1694 1421 1726 1474 ὃ
1738 1418 1892 1476 οιδ
1864 1441 2090 1476 υκισε

238 1509 527 1581 διέστρεψε
561 1508 663 1575 τὴν
693 1511 851 1581 χεῖρα
889 1504 1244 1580 στρογγύλην.

1056 1656 1079 1683 *
1131 1652 1290 1704 CXX.

380 1761 695 1828 Hesychius,
752 1754 871 1809 Δι’ὶ·
907 1755 963 1808 Σ
974 1755 1270 1828 υκασίῳ.·
1327 1754 1782 1832 παραπεὶποίηται
1831 1754 1982 1828 παρὰ
2029 1755 2095 1827 τὸ

238 1847 624 1918 συκοφαντεῖν.
708 1849 950 1900 Comicus
1005 1852 1190 1914 poeta,
1238 1863 1301 1898 ex
1346 1863 1447 1913 quo
1495 1848 1598 1899 hoc
1636 1850 1885 1901 derivavit
1922 1850 2094 1916 Hesy-

240 1939 421 2001 chius,
471 1938 897 1990 calumniatorem
937 1938 1047 1988 lovi
1083 1936 1296 2001 Sycasio
1334 1951 1479 1985 sacra
1517 1936 1795 1988 facientem
1832 1938 2097 1988 induxisse

237 2013 463 2079 videtur.
551 2026 633 2077 De
678 2018 928 2085 συκάζειν
970 2024 1005 2074 i.
1046 2040 1093 2074 e.
1145 2021 1515 2090 συκοφαντεῖν
1550 2041 1597 2076 v.
1635 2026 1802 2094 intpp.
1840 2025 2094 2094 Hesychii
2196 2076 2198 2081 .

237 2113 344 2166 vol.
383 2114 432 2166 11
469 2130 521 2181 p.
562 2113 701 2163 1290
740 2113 825 2165 18.

1086 2181 1270 2234 CXXI.

379 2289 698 2358 Hesychius,
735 2283 900 2367 Δοῇί
916 2304 959 2357 φ
980 2303 1169 2339 ονονε
1206 2285 1506 2339 πέπαικται
1532 2286 1588 2339 δὲ
1614 2284 1715 2339 τοῦ
1738 2283 2091 2357 δολοφονίου.

237 2380 317 2432 Ita
354 2379 536 2431 codex.
610 2378 860 2429 Musurus
909 2373 1062 2445 παρὰ
1109 2394 1204 2444 pro
1254 2374 1332 2426 δέ.
1403 2380 1551 2429 Haec
1588 2395 1689 2445 quo
1726 2386 1964 2447 spectent
2000 2381 2096 2432 ob-

240 2484 450 2520 scurum
500 2469 606 2528 est3
657 2466 895 2531 suspicor
946 2470 1119 2516 tamen
1170 2482 1232 2516 ea
1287 2465 1353 2515 ad
1390 2466 1541 2515 aliam
1579 2467 1833 2533 Hesychii
1869 2470 2094 2535 glossam
2196 2485 2202 2535 3³

243 2555 523 2608 referenda
562 2569 696 2616 esse,
735 2553 802 2604 de
839 2569 938 2619 qua
976 2553 1082 2604 dixi
1118 2554 1257 2604 Hist.
1299 2554 1411 2605 crit.
1451 2571 1500 2621 p.
1539 2554 1629 2607 89.

1034 2707 1056 2732 *
1099 2709 1309 2761 cxxu.

384 2813 701 2881 Hesychius,
738 2807 1088 2866 Δούλωναε
1130 2810 1227 2865 τὸν
1257 2810 1525 2881 μουσικὸν
1550 2807 1869 2878 Φιλόξενον,
1906 2809 2095 2879 ἐπειδὴ

245 2898 440 2961 δοῦλος
493 2895 729 2968 ἐγεγόνει
778 2895 809 2952 ὁ
866 2896 1179 2966 Φιλόξενος.
1252 2890 1323 2966 ἦν
1373 2901 1432 2952 δὲ
1481 2899 1543 2952 τὸ
1593 2902 1744 2968 γένος
1785 2898 2094 2974 Κυθήριος.

248 2990 630 3060 ignominiosae
681 2991 1045 3058 appellationis
1095 3009 1198 3043 non
1248 2993 1458 3042 dubium
1511 2994 1633 3058 quin
1682 2993 1863 3044 comici
1907 2999 2094 3059 poetae

246 3084 484 3132 auctores
535 3078 731 3130 fuerint
792 3080 1046 3130 eiusmodi
1115 3081 1453 3131 contumelias
1517 3081 1705 3147 cupide
1768 3084 2090 3148 arripientes.
2194 3143 2197 3149 Ι

246 3167 496 3234 Apposite
544 3166 609 3216 ad
651 3168 919 3219 Philoxeni
956 3184 1160 3220 causam
1198 3169 1360 3220 schol.
1400 3169 1663 3236 Aristoph.
1703 3172 1839 3222 Nub.
1880 3170 2014 3221 971:
2062 3165 2092 3220 ὁ

248 3251 308 3304 δὲ
334 3248 554 3320 Ἴστρος
591 3247 764 3304 αὐτὸν
800 3256 1070 3324 (Phrynin
1109 3258 1406 3319 musicum)
1448 3250 1696 3324 Ἰέρωνος
1732 3252 1868 3307 ὄντα
1904 3252 2092 3323 μάγει-
2188 3241 2192 3265 ⁶

249 3356 349 3412 ρον
385 3337 489 3393 σὺν
523 3334 708 3402 ἄλλοις
744 3340 994 3407 δοθῆναι
1031 3341 1107 3415 τῷ
1151 3338 1593 3415 Ἀριστοκλείτῳ.
1665 3342 1840 3397 ταῦτα
1879 3343 1936 3396 δὲ
1975 3363 2096 3415 σχε-
2175 3359 2178 3362 ’

253 3423 447 3483 διάσαι
484 3420 672 3481 ἔοικεν.
745 3423 796 3481 εἰ
829 3427 933 3500 γὰρ
969 3429 1199 3500 γεγονώς
1237 3420 1306 3496 ἦν
1342 3430 1535 3495 δοῦλος
1570 3434 1664 3486 καὶ
1699 3428 1958 3504 μάγειρος
1989 3430 2094 3486 Ἱέ-
