2202 3918
285 208 394 260 838
1114 207 1323 259 ΒΛΤΟ.

1196 347 1263 398 11.

291 436 448 490 Nulla
486 434 789 487 horribilior
827 435 988 502 pestis
1027 439 1107 485 cst
1143 434 1400 518 adultero,

296 527 386 595 qul
424 525 647 578 maximo
685 523 884 575 lascivit
922 524 1091 576 alieno
1129 524 1183 577 iu
1221 524 1405 598 malm*
1493 589 1497 594 .

873 810 1583 893 ΒΑΤΟ.

933 1020 1531 1076 ΑΙΤΩΛΟΣ.

296 1132 520 1197 Lapsum
555 1132 610 1179 te
647 1146 762 1180 esse
803 1129 1068 1181 hominem
1106 1133 1231 1196 quid
1269 1133 1388 1183 novi
1427 1106 1697 1182 cst‘3'nam
1740 1117 1998 1198 perpetim

295 1219 452 1270 vitam
490 1234 648 1286 agere
687 1217 999 1268 fortunatam
1039 1219 1268 1283 portenti
1308 1225 1389 1268 est
1433 1221 1567 1269 loco.

792 1389 1678 1450 ΑΝΛΡΟΦΟΝΟΣ.

1212 1503 1250 1552 1.

296 1591 449 1644 Nunc
485 1590 607 1643 illos
646 1605 746 1655 ego
785 1591 1086 1642 conveniam
1126 1591 1263 1658 frugi
1305 1589 1664 1659 philosopho&

297 1681 386 1746 qui
423 1679 497 1731 nil
534 1680 632 1730 sihi
669 1678 794 1745 ipsis
834 1690 1059 1744 unquam
1098 1680 1392 1731 concedunt
1431 1683 1573 1744 boni,

296 1768 385 1834 qui
423 1768 613 1833 ubique
652 1774 906 1831 quaerunt
939 1778 1139 1819 rectum
1177 1785 1239 1819 ac
1273 1772 1560 1836 sapientem
1600 1769 1764 1818 virum

298 1861 540 1921 tanquam
576 1855 848 1922 fugitivum
887 1856 940 1904 in
980 1855 1286 1906 ambulacris
1325 1862 1378 1906 et
1414 1857 1626 1906 scholis,

291 1944 554 2011 pernicies
592 1943 878 2003 hominum,
919 1959 1035 1992 cum
1076 1944 1168 1992 tibi
1206 1944 1273 1991 sit
1311 1944 1450 2008 quod
1491 1942 1747 2003 conferas,

299 2048 393 2084 cur
427 2032 638 2098 genium
678 2030 907 2092 frauda-3,
948 2046 1040 2080 cur
1076 2031 1308 2097 ingratus
1348 2048 1403 2081 es
1441 2033 1492 2081 in
1534 2031 1716 2081 Deos?

299 2120 400 2182 dic,
439 2119 605 2170 maius
644 2121 870 2184 pretium
911 2136 1003 2169 cur
1040 2121 1189 2185 ponis
1228 2121 1481 2184 pecuniae

300 2215 486 2261 natura
523 2224 676 2274 quam
714 2207 836 2270 sert,
876 2223 968 2258 cur
1007 2193 1120 2257 eam
1160 2208 1394 2273 praefers
1434 2206 1567 2259 tibi?
1600 2256 1605 2266 „

298 2313 483 2365 aquam
519 2296 745 2347 bibendo
785 2297 1047 2361 publicum
1087 2296 1272 2344 damno
1313 2296 1498 2359 affinia,

299 2387 518 2437 laedens
557 2386 815 2452 agricolao
857 2390 908 2435 et
947 2383 1251 2435 mercatoris
1288 2384 1577 2436 commoda.

298 2480 351 2526 at
387 2490 486 2540 ego
524 2474 841 2523 temulentus
881 2488 1048 2538 augeo
1088 2472 1376 2536 vectigalia.

297 2563 487 2613 deinde
525 2561 802 2626 ampullam
842 2577 990 2610 manc
1029 2577 1058 2609 a
1092 2575 1292 2609 summo
1334 2562 1589 2625 portitans

295 2652 467 2702 oleum
503 2665 668 2714 usque
705 2655 757 2698 et
795 2664 960 2715 usque
999 2648 1256 2712 exploraS,
1297 2648 1372 2698 sic
1409 2649 1744 2715 horologium

299 2745 357 2792 ut
393 2745 447 2790 te
486 2738 674 2805 aliquis
712 2737 856 2788 ferre
897 2753 998 2787 non
1037 2737 1315 2802 ampullam
1356 2740 1630 2790 existimet.

1128 2849 1131 2851 “
1204 2844 1267 2895 11.

296 2936 398 2987 Fas
436 2941 515 2984 est
553 2948 713 2983 uxore
751 2948 865 2982 cum
904 2931 1133 2982 formosa
1170 2934 1495 2994 accumbere,

297 3025 529 3088 duasque
567 3022 780 3071 haurire
820 3021 996 3071 Lesbii
1035 3022 1140 3071 vini
1178 3024 1468 3088 amphoras,

295 3112 537 3164 nimirum
577 3110 678 3159 hoc
717 3125 902 3175 sapere
940 3114 1086 3159 recte
1124 3116 1217 3172 est,
1258 3111 1356 3160 hoc
1394 3122 1574 3160 verum
1616 3109 1821 3189 bouum.

295 3201 555 3265 Epicurus
594 3199 776 3248 eadem
816 3198 942 3248 dixit
982 3213 1113 3264 quac
1151 3215 1289 3250 nunc
1328 3198 1527 3249 dictito.

294 3288 434 3353 quod
472 3288 515 3337 si
559 3278 737 3338 omnes
778 3304 874 3353 cgo
917 3303 1066 3353 quam
1105 3289 1218 3338 vivo
1259 3289 1414 3338 vitam
1453 3286 1699 3347 viverent,

294 3377 398 3427 iam
439 3392 590 3430 nemo
631 3377 836 3431 adulter
875 3380 1032 3438 esset,
1071 3392 1223 3427 nemo
1262 3377 1501 3432 iniurius,
