2202 3918
785 159 988 213 ΜΙΣο
1003 132 1341 215 ΥΜΕΝΟΣ.
1878 169 1980 221 173

136 326 252 362 cum
287 301 360 366 ὦς
396 301 558 366 ἔοικε,
598 306 735 372 quod
774 322 867 357 cur
902 308 1019 358 fieri
1058 324 1158 358 non
1199 307 1362 374 possit
1400 307 1607 358 docebit
1640 310 1983 369 'Heindorfius

135 400 200 448 ad
238 398 370 448 Plat.
409 395 570 461 Sopb.
608 412 660 462 p.
699 396 820 446 306.
906 395 1001 446 Cfr
1038 396 1330 446 Bentleium
1380 397 1600 447 Emend.
1657 398 1802 450 Men.
1841 418 1891 464 p.
1929 402 1981 455 2.

132 485 285 553 Apud
337 485 583 535 Philostr.
632 483 801 551 Epist.
841 485 909 534 45
956 501 1006 551 p.
1046 484 1175 534 935:
1232 476 1547 551 πρόσταξον
1589 477 1662 552 ὥς
1709 479 1846 534 ἔοικέ
1894 502 1985 536 σοι
2052 474 2055 481 ’

134 573 229 623 καὶ
275 567 581 639 πείθομαι,
632 574 751 640 lege
789 590 851 623 ex
891 574 1005 624 cod.
1045 574 1161 626 Vat.
1200 566 1510 638 πρόσταξεν
1558 569 1629 633 αἷς
1668 567 1854 638 βούλει
1889 575 1984 623 καὶ

132 657 428 728 πείθομαι.
507 664 688 727 ltaque
720 660 857 713 vunus
894 666 1054 713 restat
1091 662 1356 727 Euripidis
1392 663 1539 714 locus
1577 664 1824 715 Androm.
1845 663 1984 713 552:

134 745 202 801 οὐ
237 746 346 819 γὰρ
381 743 456 810 ὦς
503 746 654 799 ἔοικέ
691 766 788 816 μοι
835 747 1034 814 σχολῆς
1084 742 1206 798 τόδ’
1248 741 1447 818 ὄργον,
1498 753 1587 803 ubi
1635 752 1753 803 vide
1803 769 1866 802 an
1912 745 1986 810 ὦς

133 835 272 890 ἔοικέ
326 855 435 889 που
482 838 812 889 scribendum
864 840 945 889 sit.
1045 841 1218 905 Atque
1266 840 1320 889 id
1367 840 1567 906 ipsum,
1626 840 1986 907 Olympiodori

136 929 347 992 indicio,
386 927 608 978 sortasse
646 928 799 977 etiam
839 928 1131 979 Menandro
1168 928 1567 979 restituendum.
1643 929 1737 980 Cfr
1775 929 1987 981 Gnidiae
2085 950 2093 953 “

131 1016 317 1085 fragm.
357 1017 405 1068 ll
446 1018 506 1068 1:
546 1008 901 1082 ταύτόματὸν
937 1014 1088 1067 ἐστιν
1124 1010 1197 1076 ὥς
1233 1011 1372 1066 ἔοικέ
1410 1032 1518 1080 που
1553 1012 1709 1078 θεός.

991 1211 1135 1264 Vlll·
1695 1259 1699 1261 ,

1396 1303 1494 1368 «ῒΩ
1534 1311 1706 1383 πάτερ

394 1420 623 1490 μισοῦσι
660 1424 761 1490 μὲν
805 1417 1084 1490 Θράσων’,
1123 1417 1499 1491 ἀπεκτάγκᾱσι
1535 1418 1599 1473 <5³
1642 1417 1724 1475 οὕ.

274 1560 502 1617 Βεὲίσοιι
542 1567 760 1635 Segucr.
802 1586 853 1635 p.
873 1568 1004 1618 429:
1040 1560 1470 1628 Ἀπεκτὸνασιν,
1510 1559 1608 1616 οὐκ
1645 1559 1988 1631 ἄπεκτάγκα-

134 1670 241 1707 σιν.
264 1653 631 1724 Μισουμένῳ·
643 1649 827 1725 πάτερ
845 1657 948 1723 μὲν
973 1649 1258 1724 Θράσων
1227 1672 1330 1705 oenc
1308 1650 1604 1722 κτάγκασι
1641 1649 1702 1704 δ’
1723 1651 1804 1710 οὔ
1845 1658 1989 1722 Quae

134 1722 459 1794 emendatius
497 1746 687 1811 scripta
724 1745 970 1813 leguntur
1009 1747 1143 1813 spud
1181 1745 1412 1808 Suidam,
1443 1738 1862 1810 'Anat-dynam
1895 1761 1990 1794 και

134 1825 502 1882 ἀπεκτόνασι·
556 1830 785 1900 μισοῦσι
831 1836 933 1900 μὲν
978 1830 1018 1884 ὠ
1076 1829 1247 1903 πάτερ
1301 1828 1562 1903 Θράσων
1614 1828 1717 1884 ἀπε
1723 1828 1992 1898 κτάγκασι

135 1913 199 1968 δ’
241 1914 325 1972 οὕ.
415 1921 509 1973 cn·
557 1940 600 1974 s.
640 1940 686 1974 v.
736 1917 1149 1975 ἀποκτιννύναι
1238 1926 1495 1979 versuum
1542 1925 1790 1990 reliquias
1843 1929 1989 1974 recte

135 2010 453 2077 disposuisse
516 2013 720 2062 videtur
776 2014 1028 2079 ToupiuS.
1113 2017 1359 2066 Fortasse
1407 2019 1579 2066 tamen
1636 2014 1830 2064 rectius
1885 2013 1993 2062 Do·
2087 2048 2089 2050 -

134 2100 324 2150 braeus
362 2099 491 2151 Adv.
532 2099 581 2150 11
619 2117 671 2166 p.
687 2102 824 2152 277.
861 2098 1090 2166 μισοῦσι
1125 2103 1261 2169 μὲνΙ
1304 2097 1686 2170 Θρασωνίδην,
1721 2087 1763 2150 ὦ
1803 2093 1991 2168 πάτερ,

134 2180 512 2249 απεκτάγκασι
562 2179 622 2235 d'
664 2182 748 2239 οὕ.
787 2221 855 2229 -
905 2192 1151 2241 Ceterum
1190 2196 1432 2256 quantam
1469 2187 1824 2242 celebritatem
1860 2189 1994 2240 haec

135 2276 413 2328 Menandri
461 2275 636 2325 sabula
684 2277 871 2343 adepta
920 2279 1017 2339 sit,
1079 2280 1161 2328 vel
1210 2280 1540 2347 Alciphronis
1587 2279 1745 2329 verba
1803 2278 1994 2328 docent

136 2366 226 2416 lib.
249 2365 293 2414 u
333 2365 384 2426 4,
424 2365 513 2414 nbi
535 2365 756 2431 Glycera
793 2365 1038 2417 admonet
1055 2368 1405 2418 Menandrum
1442 2374 1499 2418 ut
1535 2368 1670 2418 hanc
1709 2368 1864 2426 etiam
1904 2382 1993 2417 co-

134 2453 388 2504 moediam
439 2453 505 2503 ad
544 2453 903 2509 Ptolomaeum
956 2456 1147 2507 afferre
1190 2474 1258 2508 ne
1308 2458 1568 2524 neglegat.
1645 2457 1828 2508 Obiter
1878 2472 1991 2507 eam

132 2548 387 2593 memorat
433 2542 683 2594 Irenaeus
734 2560 777 2596 c.
818 2546 979 2596 Haer.
1019 2546 1069 2596 11
1107 2547 1176 2596 27
1215 2565 1266 2613 p.
1308 2546 1409 2597 151
1461 2547 1545 2596 ed.
1587 2546 1677 2596 Gr.
1728 2545 1862 2595 mihi
1907 2548 1989 2596 vi·-

133 2632 327 2682 dentur
372 2633 486 2681 eiua
529 2634 862 2699 passionem,
916 2636 1008 2702 qui
1045 2641 1126 2685 est
1163 2635 1308 2703 apud
1351 2637 1605 2685 comicum
1641 2634 1992 2685 Menandrum
2052 2693 2062 2696 ,

133 2721 291 2772 valde
339 2738 526 2772 amans
577 2729 631 2772 et
684 2723 915 2786 odibilis,
961 2724 1166 2774 Aesoni
1202 2740 1295 2774 suo
1341 2724 1762 2775 circumdedisse.
1853 2725 1991 2790 Aga·
2057 2724 2066 2741 ²

134 2811 274 2869 thiae
334 2811 615 2862 Frontonis
654 2818 707 2862 et
743 2812 999 2864 Martialis
1025 2849 1040 2875 ‚
1095 2814 1275 2864 itidem
1324 2814 1388 2864 ad
1427 2806 1790 2881 Μισούμενον
1824 2813 1989 2879 respi-

135 2899 416 2962 cientium,
468 2900 627 2950 verba
678 2917 835 2968 supra
884 2902 948 2952 ad
987 2903 1198 2969 Dyscoli
1249 2904 1444 2971 Georgi
1484 2909 1536 2977 et
1572 2902 1986 2969 Disexapatontis

133 2988 426 3055 fragmenta
463 2988 719 3055 adscripta
756 2998 892 3041 sunt.
964 2992 1180 3042 Luciani
1220 2993 1340 3043 dial.
1379 2997 1591 3044 meretr.
1629 2991 1757 3043 Xlll
1797 3006 1846 3057 p.
1880 2989 1985 3040 315

134 3077 236 3127 vol.
277 3077 352 3127 ln
402 3084 455 3128 et
490 3078 820 3144 Alciphronis
856 3080 1024 3146 Epist.
1064 3082 1132 3130 36
1183 3082 1269 3132 lib.
1310 3081 1385 3131 111
1442 3097 1505 3132 ex
1543 3081 1724 3132 eadem
1764 3081 1986 3131 Menan-

135 3165 215 3216 dri
270 3165 446 3217 fabula
493 3183 736 3233 exprensa
783 3184 927 3231 esse,
997 3186 1122 3220 vere
1179 3171 1379 3221 monuit
1435 3171 1769 3238 Boettigerus
1831 3171 1985 3236 Spec.

135 3255 351 3307 Terent.
389 3273 440 3322 p.
466 3256 556 3307 57.
631 3256 868 3323 Denique
905 3258 970 3309 ad
1007 3258 1142 3310 hanc
1179 3260 1503 3327 potissimum
1539 3259 1767 3315 fabulam
1803 3264 1984 3325 respess

133 3344 273 3395 xisse
322 3351 448 3411 puto
490 3345 839 3413 Porphyrium
888 3347 954 3398 ad
991 3349 1158 3399 Marc.
1196 3366 1246 3416 p.
1285 3348 1320 3399 5
1367 3350 1666 3407 comoediae
1715 3350 1980 3417 proprium

132 3446 249 3484 esse
287 3431 545 3487 dicentem
582 3431 941 3498 ζηλοτυπίαν,
978 3434 1213 3501 μῖσος,
1262 3435 1496 3503 γέλωτα,
1537 3432 1982 3503 διαπληκτισμόν
