2202 3918
597 166 1066 222 namoanus.
1149 168 1454 224 STRATo.
1854 171 1963 226 84⁵

102 315 293 378 fervet,
329 310 422 365 sed
459 308 573 362 aliis
610 311 716 363 olla
752 311 1047 379 dispariter.
1121 310 1266 377 capis

103 405 321 457 formam
358 399 526 451 artis?
597 401 659 452 B.
698 398 839 451 Proh
878 399 961 461 Di,
998 402 1190 464 quanta
1226 397 1361 448 haec
1398 404 1451 448 et
1487 400 1665 465 quanti
1705 400 1842 470 preti
1855 403 1883 454 ’ἒ

8 475 9 481 ¹
102 495 167 545 A.
204 492 392 556 Neque
427 504 551 539 vero
589 492 808 549 temere,
845 493 906 538 ut
942 487 1150 550 cecidit,
1188 485 1418 537 convivis
1453 488 1617 555 dapes

101 594 328 646 appono,
368 576 524 627 certis
561 576 655 628 sed
692 576 941 627 misturae
979 576 1220 626 textibus.

100 670 165 720 Β.
203 670 319 733 Quo
358 665 548 735 pacto?
618 665 683 716 A.
717 664 852 715 Sunt
888 664 1039 730 queis
1075 662 1207 715 ratio
1247 661 1581 728 sesquitertia
1615 669 1714 727 est,

9 762 11 811 Ξ
102 762 158 808 at
194 756 309 807 aliis
347 760 428 806 cst
464 752 803 818 sesqualtera,
840 758 930 803 aut
966 753 1124 803 etiam
1162 750 1337 818 dupla.

9 839 11 841 ’
104 845 239 896 haec
277 859 376 911 ego
413 842 632 893 concilio
669 858 732 892 ex
768 841 1099 893 intervallum
1137 840 1354 890 federe:

107 930 298 982 deiude
334 931 587 996 implicito
626 932 735 981 suis
772 930 1018 997 propitim
1056 928 1353 978 influxibus.

104 1034 223 1069 mox
260 1018 466 1068 abstans
502 1018 730 1083 paullum
769 1032 963 1082 quaero
1002 1017 1191 1082 quibus
1227 1031 1291 1065 ex
1327 1017 1564 1081 partibus

107 1106 176 1158 sit
211 1106 564 1157 commissura.
636 1105 859 1156 istorum
897 1105 1022 1171 quid
1059 1104 1289 1155 misces‘.²
1325 1104 1449 1154 vide

109 1194 435 1247 dissonitum.
507 1194 715 1261 sapiens
752 1209 856 1245 non
894 1194 1100 1245 excedit
1134 1193 1427 1244 terminum.

110 1284 371 1351 Epicurus
407 1283 523 1351 ipse
558 1282 635 1334 sic
670 1283 1024 1334 condensabat
1059 1282 1247 1348 volup:

111 1372 388 1424 mandebat
424 1377 697 1424 accurate=
734 1372 879 1422 solus
915 1378 1134 1423 noverat

109 1461 305 1513 bonum
341 1460 464 1528 quid
500 1465 657 1524 esset,
696 1476 920 1526 namque
956 1462 1033 1513 illi
1071 1461 1138 1511 de
1174 1458 1379 1527 porticu

111 1555 367 1617 perpetuo
404 1554 676 1614 quaerunt,
716 1550 869 1616 quale
907 1555 960 1600 et
1001 1548 1125 1615 quid
1163 1549 1228 1599 sit
1267 1549 1446 1599 nescii.

113 1638 203 1704 qui
237 1653 353 1688 cum
390 1653 493 1688 non
532 1638 759 1690 habeant
795 1639 848 1689 id
886 1639 1024 1705 quod
1061 1639 1321 1706 ignorant,
1359 1639 1455 1688 alis

113 1732 255 1777 certe
291 1742 394 1777 non
434 1727 692 1779 dederint.
765 1731 827 1779 B.
867 1729 1018 1778 Haec
1053 1734 1143 1778 tua
1179 1733 1258 1778 est
1294 1728 1593 1779 sententia?

111 1815 373 1867 mittamus
409 1831 536 1883 ergo
574 1817 776 1884 reliqua
812 1833 947 1883 quae
983 1817 1188 1884 pridem
1226 1821 1424 1884 patent.

564 2107 1532 2200 STRAT'o.

630 2323 1457 2381 ΦΟΙΝΙΚΙΛΗΣ.

117 2436 401 2506 Sphingem
439 2452 634 2488 marem
672 2436 934 2504 equidem,
971 2451 1076 2487 non
1114 2452 1338 2503 coquum
1374 2438 1556 2490 admisi
1590 2440 1644 2491 in
1681 2439 1920 2493 domum:
1960 2476 1963 2480 ,

115 2542 352 2594 namque,
387 2533 444 2577 ut
481 2526 786 2593 simpliciter
823 2524 1010 2588 dicam,
1045 2526 1175 2576 nihil
1212 2527 1464 2595 intellego

111 2617 300 2669 horum
338 2632 471 2684 quae
507 2617 753 2682 loquitur.
829 2631 1052 2681 namque
1090 2614 1171 2666 vix
1208 2617 1510 2681 intraverat,

117 2721 234 2757 cum
270 2723 354 2758 me
389 2705 674 2771 respiciens
712 2704 820 2755 acri
861 2688 1011 2753 vultu
1042 2703 1362 2770 intel-rogan

119 2789 186 2840 ad
219 2806 431 2843 coenam
467 2794 719 2844 hemones
757 2793 857 2843 ede
894 2798 1022 2858 quot
1059 2794 1342 2844 vocaveris.

121 2893 287 2945 egone
322 2883 544 2933 vocarim
582 2882 876 2933 hemones?
914 2882 1109 2932 delirus
1149 2888 1274 2948 puto
1316 2899 1392 2944 es,

121 2974 211 3017 aut
242 2968 378 3020 ullos
413 2971 543 3022 adeo
580 2971 835 3023 hemones
873 2987 957 3021 me
995 2987 1149 3022 nosse
1187 2974 1467 3023 autumas?

121 3071 293 3118 nemo,
328 3058 531 3124 inquam
570 3077 686 3127 ego,
725 3061 908 3110 aderit.
983 3060 1037 3110 id
1076 3061 1307 3111 restabat
1344 3061 1546 3113 scilicet

119 3155 176 3195 ut
213 3145 461 3197 homones
498 3150 671 3199 nescio
710 3164 840 3216 qnos
878 3155 1151 3201 coenatum
1190 3152 1552 3202 accerserem?

119 3250 182 3284 an
223 3249 375 3284 nemo
413 3237 709 3303 cond-palis
747 3238 1063 3290 adventurus
1101 3242 1219 3289 est?

118 3338 219 3373 non
258 3322 554 3390 condapalls
589 3324 728 3391 qnod
765 3326 940 3377 sciam.
1018 3328 1271 3378 rationem
1311 3327 1414 3379 ini:

111 3412 323 3463 venient
362 3411 615 3477 Phlllnus‚
653 3413 913 3476 mosomo,
952 3415 1259 3467 Niceratus:

18 3518 26 3604 Ι
