2202 3918
246 177 317 230 42
942 171 1320 226 PHILEMON
1326 171 1387 225 IS

454 304 642 378 βήττει
680 325 783 371 τις·
822 303 1037 379 οἰμώζει
1074 325 1180 371 τις·
1218 305 1253 372 ἡ
1292 305 1457 378 φύσις
1494 307 1645 378 φέρει

454 408 678 469 ἅπαντα
714 414 907 469 ταῦτα.
979 414 1144 484 φεῦγε
1181 411 1277 475 τὰς
1313 410 1490 475 λυποὶς
1525 410 1716 481 μόνον.

384 545 637 598 Stobaeus
675 545 817 595 Flor.
857 543 1029 595 CVIII
1066 543 1152 594 39.
1250 542 1341 596 Vn.
1381 542 1411 591 1
1471 533 1543 590 ἂν
1588 539 1725 612 γνῷς
1764 540 1818 593 τί
1868 544 2082 595 Grotius

244 649 338 700 pro
375 629 550 698 ἀγνώς
589 626 685 690 τίς.
760 630 1000 697 Diphilus
1038 631 1249 683 Stobaei
1286 629 1429 681 Flor.
1450 629 1574 681 XXI
1613 632 1676 681 3:
1703 624 1820 680 ”Av
1857 628 1991 700 γνῷς
2028 627 2082 679 τι’

242 714 364 771 ἐστ’
405 715 707 786 ἄνθρωπος
742 712 917 781 ἡδίων
955 714 1082 771 ἔσει.
1132 752 1199 761 -—
1239 719 1330 772 νε.
1369 719 1402 769 3
1439 723 1557 785 post
1590 711 1808 781 κεκύηκε
1844 720 1962 770 libri
1997 735 2081 770 re-

243 815 426 877 petunt
459 804 536 871 μὴ
574 800 773 859 δεινόν.
843 808 1049 859 Delevit
1086 808 1312 859 Grotius,
1372 807 1652 860 Praeterea
1688 809 1861 860 malim
1898 822 2083 868 κεκυη-

241 911 347 958 κεν,
384 890 451 946 οὐ
487 889 755 960 κεκύηκεν,
792 900 1013 962 utroque
1049 912 1131 956 τις
1168 896 1375 947 omisso.
1413 896 1646 948 —Vs.4
1685 893 1741 948 δὲ
1777 901 1895 966 post
1933 892 2084 966 φέρει

244 986 436 1038 delevit
473 986 700 1037 Grotius·
776 985 922 1037 Idem
962 1002 1034 1037 vs,
1072 985 1106 1036 5
1143 985 1338 1037 addidit
1373 975 1566 1049 μόνον.

1065 1137 1262 1190 XXIII.

424 1238 787 1321 ⁴³'Av199wnog
822 1231 874 1295 εἶ
907 1238 1217 1308 δήπουθεν,
1251 1230 1332 1294 ὦν
1364 1238 1486 1295 ἐστ’
1522 1240 1648 1295 οὐδὲ
1681 1231 1760 1304 εἷς

449 1339 494 1423 ᾧ
525 1348 602 1419 μὴ
639 1345 811 1404 κακόν
845 1368 899 1402 τι
935 1349 1155 1417 γέγονεν
1189 1343 1226 1414 ἢ
1263 1345 1566 1416 γενήσεται,

446 1455 477 1513 ὃ
514 1456 689 1510 ποιῶν
726 1453 789 1509 δ’
825 1452 1114 1528 ἐλάχιστον
1148 1454 1213 1510 τὸ
1249 1456 1606 1527 γεγενημένον
1640 1449 1827 1519 κακόν,

446 1561 766 1637 ἀμφότερον
800 1553 960 1627 οὗτος
997 1534 1211 1633 εὐτυχεῖ
1240 1582 1296 1616 τε
1333 1564 1427 1617 καὶ
1462 1565 1670 1635 φρονεῖ.

378 1699 633 1751 Stobaeus
680 1698 824 1749 Flor.
874 1695 1046 1748 CVIII
1082 1695 1171 1748 5⁰.
1269 1696 1356 1748 νε.
1397 1697 1424 1746 l
1476 1682 1556 1744 ὦν
1609 1696 1905 1750 Bentleius=
1958 1696 2077 1751 libri

234 1784 348 1841 οὐκ.
403 1820 472 1829 —-
527 1788 617 1840 νε.
655 1786 688 1835 3
737 1785 1006 1836 Bentleius
1042 1777 1349 1851 ἐλαχίστου.
1421 1785 1703 1852 Vulgatum
1741 1792 1886 1838 verte
1922 1804 2076 1858 quam

233 1880 463 1932 maxime
497 1878 754 1928 minuens.
831 1873 959 1926 Ibid.
995 1868 1165 1923 κακὸν
1203 1873 1402 1924 addidit
1436 1873 1723 1928 BentleiuS.

1053 2027 1246 2081 XXIV.

454 2133 521 2187 Τι’
559 2127 688 2186 ποτ’
729 2129 883 2185 ἐστὶν
919 2117 1028 2200 ἆρα
1067 2127 1212 2184 διότι
1247 2125 1508 2200 βούλεταί
1542 2128 1609 2200 μ’
1649 2124 1811 2200 ἰδεῖνς

439 2236 476 2305 ἢ
513 2234 775 2309 καθάπερ
812 2238 866 2290 οἱ
909 2237 1198 2299 νοσοῖντες
1234 2231 1524 2304 ἀλγοῦντες
1561 2234 1798 2310 σφόδρα,
1850 2294 1856 2299 ,

438 2343 533 2399 τὸν
574 2341 765 2415 ἰατρὸν
801 2338 872 2395 ἂν
908 2339 1254 2410 ἴδωσιν,,οὐκ
1290 2338 1524 2411 ἀλγοῢσ’
1564 2340 1662 2411 ἔτι,

438 2445 627 2517 οὕτως,
664 2443 802 2505 ὅταν
837 2469 919 2515 τις
956 2447 1194 2523 τυγχάνῃ
1232 2446 1587 2521 λυπούμενος,

434 2549 603 2625 ἧττον
639 2555 927 2621 ὀδυνᾶται,
962 2555 1128 2628 φίλον
1165 2556 1262 2610 ἐὰν
1299 2554 1538 2628 παρόντ’
1574 2557 1691 2632 ἴδῃς

367 2675 619 2726 Stobaeus
670 2675 813 2726 Flor.
862 2674 1034 2726 CXIII
1086 2675 1172 2726 10.
1265 2674 1355 2728 νε.
1391 2674 1426 2723 3
1478 2667 1577 2724 οὐκ
1623 2691 1726 2727 om.
1767 2676 1942 2731 TrInc.
2000 2712 2065 2719 -—-

227 2763 317 2817 Vs.
353 2762 388 2814 5
426 2766 472 2816 A
507 2758 759 2833 παρόντα
793 2760 892 2817 ὃεῖ.

1000 2851 1227 2929 xxv'a.
1266 2878 1315 2929 b.
1411 2882 1418 2889 “

423 2971 568 3053 'Ap‘
608 2980 726 3035 ἐστὶ
761 2981 875 3045 τοῖς
912 2979 1140 3034 νοσοῦσι
1169 2977 1438 3052 χρήσιμος
1474 2978 1657 3052 λόγος.

424 3085 537 3151 ’.Ως
572 3085 843 3154 σπληυὶον
879 3088 1015 3161 πρὸς
1051 3088 1199 3151 ἕλκος
1234 3082 1442 3152 οἰκείως
1479 3093 1644 3145 τεθὲν

434 3193 536 3261 τὴν
570 3192 889 3266 φλεγμονὴν
923 3194 1179 3262 ἔπαυσεν,
1215 3187 1358 3248 οὕτω
1394 3197 1490 3250 καὶ
1525 3195 1708 3274 λόγος,

433 3298 681 3374 εὔκαιρος
717 3295 792 3365 εἷς
827 3299 896 3354 τὰ
933 3298 1222 3373 σπλάγχνα
1255 3303 1551 3370 κολληθεὶς
1589 3303 1766 3379 φίλων

435 3405 710 3479 εὐψυχίαν
744 3408 978 3482 παρέσχε
1013 3408 1090 3484 τῷ
1123 3410 1461 3484 λυπουμένῳ.
