2202 3918
20 464 23 543 ἰ

21 546 23 581 ι

20 590 24 669 ξ

850 156 1282 214 PRAEFATIO.
1922 179 1999 217 vn

140 301 278 367 aliis
316 298 721 384 grammaticis
766 297 1082 362 debentur.
1177 300 1539 382 Quamquam
1580 300 1733 364 enim
1777 302 1993 370 doctus

139 413 203 470 et
246 408 459 468 acutus
497 401 663 464 attici
700 402 997 463 sermonis
1041 402 1398 486 explanator
1424 408 1557 466 erat
1584 403 1988 486 Phrynichus,

132 509 268 593 ipse
311 513 506 569 tamen
551 504 821 568 oratione
864 526 1015 568 usus
1057 511 1156 568 est
1198 505 1373 587 gravi
1432 505 1666 587 quidem
1705 512 1768 569 et
1807 507 1985 572 lumi-

136 611 314 674 nibus
357 609 674 687 distincta,
727 614 790 670 at
830 607 1145 671 verborum
1203 608 1555 689 ambagibus
1597 607 1878 692 impedita
1920 618 1984 674 et

127 713 305 776 nimio
347 711 567 774 atticae
610 710 950 792 elegantiae
994 709 1194 773 studio
1238 709 1508 772 molesta.
1573 710 1760 793 quue
1802 711 1982 776 etiam

124 814 377 877 Photius
414 813 741 887 intellexit,
797 832 913 894 quo
955 811 1153 874 iudice
1197 811 1580 896 Phrynichus
1621 826 1717 879 καὶ
1756 805 1980 894 ’ταύτην

117 912 223 979 τὴν
258 910 645 985 πραγματείαν
680 906 757 975 εἰς
792 912 1018 978 πλῆθος
1053 911 1276 978 ἐξέτεινε
1323 907 1698 983 δύσχρηστον,
1745 917 1840 967 καὶ
1874 935 1977 968 κα,

22 991 26 1074 ζ
116 1003 218 1059 λοῦ
267 1004 362 1056 καὶ
408 999 620 1074 ὡραίου
662 996 832 1070 λόγου
874 995 1013 1067 ὕλην
1050 997 1240 1064 ἄλλοις
1276 1000 1668 1072 συναθροίζων
1702 1001 1868 1067 αὐτὸς
1907 1002 1982 1058 οὐ·

23 1121 25 1132 ·
114 1104 244 1160 λίαν
277 1101 508 1178 τοιούτῳ
543 1101 831 1177 ἐχρήσατο.
910 1094 1117 1174 ltaque
1159 1092 1367 1155 nescio
1410 1113 1487 1154 au
1530 1093 1852 1156 Ruhnken.
1891 1095 1970 1159 ad

114 1197 271 1258 Tim.
284 1218 342 1280 p.
357 1197 437 1258 41
462 1205 524 1259 et
545 1196 900 1261 Lobeckius
920 1194 999 1258 ad
1024 1196 1252 1278 Phryn.
1277 1218 1335 1279 p.
1357 1195 1485 1258 418
1529 1197 1740 1279 paullo
1771 1196 1968 1260 hono-

111 1300 440 1362 rificentius
463 1300 539 1362 de
560 1299 736 1361 huius
759 1298 1075 1381 scriptoris
1103 1298 1366 1362 dictione
1390 1298 1804 1362 iudicaverint.
1830 1300 1964 1385 Sed

109 1406 175 1462 ut
217 1399 455 1463 redeam
500 1401 658 1463 uude
691 1401 1013 1482 digressus
1044 1420 1195 1475 sum,
1239 1399 1299 1462 in
1329 1401 1621 1463 eiusmodi
1651 1402 1960 1481 fragmen.-

104 1503 184 1565 tis
238 1523 392 1585 quae
446 1502 685 1567 nonnisi
728 1502 1111 1565 coniecturae
1163 1522 1279 1586 ope
1318 1503 1403 1566 ad«
1439 1504 1960 1568 comicosaucto—

101 1626 206 1669 res
248 1613 611 1670 revocantur
661 1626 934 1688 magnam
990 1605 1322 1668 cautionem
1378 1605 1769 1670 adhibenda-m
1811 1625 1958 1670 esse

101 1730 235 1774 meo
292 1710 429 1794 ipse
483 1708 761 1794 exemplo
814 1713 1105 1793 expertus
1159 1728 1308 1772 sum.
1405 1707 1560 1773 Cum
1598 1709 1754 1772 enim
1798 1708 1960 1797 haud

28 1794 34 1837 ³
101 1834 239 1876 raro
269 1812 406 1882 mihi
437 1812 788 1890 accidisset,
831 1817 895 1873 ut
927 1831 1081 1893 quae
1106 1811 1265 1875 satis⁴
1291 1812 1584 1896 probabili
1611 1812 1959 1875 coniectura

101 1916 332 1980 comico
388 1922 602 1999 poetae
659 1914 999 1977 tribuissem
1052 1934 1128 1976 ea
1181 1922 1397 1998 postea
1439 1916 1598 1977 alius
1633 1913 1957 1998 scriptoris

96 2038 244 2081 esse
273 2018 705 2099 intellegerem,
750 2017 894 2078 nihil
923 2018 1346 2100 propemodum
1370 2016 1768 2101 recipiendum
1800 2013 1955 2077 duxi

99 2119 218 2183 nisi
261 2119 416 2203 quod
455 2120 608 2182 satis
653 2126 849 2196 certa,
894 2127 957 2179 ut
1002 2120 1146 2179 mihi·
1183 2120 1413 2199 quidem
1457 2119 1790 2194 videbatur,
1833 2138 1944 2180 co-

97 2220 287 2284 micae
331 2221 612 2284 dictionis
654 2218 874 2283 indicia
917 2218 1180 2281 haberet.
1265 2221 1350 2282 Ut
1394 2241 1567 2281 unum
1611 2221 1949 2303 exemplum

91 2321 173 2386 de
226 2323 422 2385 multis
479 2325 748 2400 afferam,
802 2321 1166 2385 Eustathius
1208 2321 1283 2383 ad
1322 2322 1498 2384 Hom.
1542 2344 1599 2406 p.
1645 2322 1813 2386 1796
1857 2323 1944 2384 54‘

92 2425 257 2488 finita
298 2426 678 2511 expositione
715 2426 792 2488 de
834 2424 1035 2488 Ulixis
1080 2431 1143 2487 et
1186 2425 1535 2488 Telemachi
1579 2425 1784 2488 liberis
1823 2425 1945 2488 hoc

34 2558 35 2605 Τ
87 2529 267 2596 utitur
305 2529 785 2614 epiphonemate:

338 2657 583 2730 Περιττά
622 2658 800 2712 ταῦτα
838 2659 931 2712 καὶ
969 2658 1093 2724 κενή
1130 2655 1455 2729 μοχθηρία·

336 2741 389 2800 εἰ
421 2746 477 2801 δ’
516 2737 613 2802 οὖν
651 2749 850 2812 στενῶς
894 2745 1174 2821 φράζοιτο,
1210 2744 1407 2818 μικρὸν
1445 2741 1507 2800 τὸ
1546 2736 1774 2817 βλάβος.

54 2867 256 2964 sssuos
300 2887 517 2931 versus
562 2869 790 2932 comico
825 2875 1038 2952 poetae
1071 2874 1235 2931 tanto
1280 2866 1675 2930 confidentius
1714 2865 1933 2949 aliquis

48 2969 416 3048 adscribat,
470 2992 601 3034 cum
648 2984 710 3036 τὸ
748 2980 959 3052 βλάβος
995 2978 1057 3035 et
1105 2969 1389 3034 comicum
1440 2970 1520 3032 sit
1554 2970 1928 3047 vocabulum,

37 3072 295 3156 1ι’--ςιιίῑψθ
338 3075 411 3136 ab
437 3075 745 3158 Aristoph.
770 3076 920 3137 Rau.
946 3075 1110 3137 1151
1144 3079 1506 3157 usurpatum,
1551 3079 1611 3135 et
1655 3073 1925 3136 disertim

38 3176 339 3266 magunum
394 3178 468 3239 ab
524 3177 658 3261 ipso
701 3176 1024 3240 Eustathio
1068 3198 1126 3262 p.
1171 3176 1339 3240 1410
1385 3178 1496 3239 17:
1556 3187 1618 3242 τὸ
1656 3185 1793 3260 παρ’
1820 3184 1921 3241 αὐ-

40 3290 171 3363 ¹vrr'jg
207 3288 475 3362 (βλάβης)
514 3290 724 3362 βλάβος
761 3293 913 3364 παρὰ
951 3293 1026 3366 τῷ
1061 3292 1293 3366 κωμικῷ.
1354 3280 1755 3344 Nihilominus
1779 3280 1919 3344 illOS

40 3401 291 3469 mersus
334 3404 448 3448 non
493 3385 870 3470 recipiendos
913 3385 1094 3464 duxi,
1148 3383 1420 3469 quoniam
1463 3404 1576 3450 nec
1629 3392 1922 3467 μοχθηρία

42 3587 101 3714 Ἀ
