2202 3918
310 205 419 263 m
887 250 889 253 s
1051 205 1436 262 MENANDRI

313 350 419 401 420
452 341 526 398 ‘0
563 341 732 406 πολὺς
769 341 1004 415 ἄκρατος
1040 339 1190 412 ὀλίγ’
1229 339 1521 414 ἀναγκάζει
1558 349 1801 420 φρονεῖν.

451 431 712 505 Ὀμιλίας
748 435 805 486 δὲ
842 431 941 494 τὰς
974 433 1301 504 γεραιτέρων
1336 431 1503 504 φίλει.

447 521 520 576 ‘O
555 521 633 594 μὴ
672 523 856 593 δαρεὶς
889 517 1199 591 ἄνθ-ρωπος
1234 518 1671 581 οὐπαιδεύεται.

461 611 570 665 Οὐκ
607 608 757 664 ἔστιν
793 605 955 662 οὐδὲν
990 609 1173 678 κτῆμα
1210 608 1438 663 κάλλιον
1473 610 1659 683 φίλου.

464 697 655 760 Οὐδεὶς
692 693 730 751 6¹
762 700 902 761 νοεῖς
939 699 1042 768 μέν
1079 687 1244 762 οἶδεν,
1281 693 1316 751 6⁸
1350 698 1410 750 δὲ
1447 702 1620 763 ποιεῖς
1656 701 1861 770 βλέπει.

312 794 418 846 425
446 785 556 841 ε’ον
592 785 696 859 γὰρ
732 788 866 840 θεοὶ
901 786 1163 857 φιλοῦσιν
1197 783 1549 852 ἀποθνήσκει
1584 791 1720 854 νέος.

443 871 660 947 “Quota
698 874 875 946 πόρνη
917 873 1128 947 δάκρυα
1161 878 1258 929 καὶ
1294 872 1475 952 ῥήτωρ
1510 876 1633 949 ἔχει.

459 957 621 1029 Οἶνος
657 964 760 1036 γὰρ
796 963 1075 1034 ἐμποδίζει

461 1049 558 1118 Οἷς
592 1058 694 1126 μὲν
732 1053 977 1119 δίδωσιν,
1014 1044 1098 1116 οἷς
1133 1051 1189 1106 δ’
1230 1051 1552 1126 ἀφαιρεῖται
1587 1051 1741 1127 τύχη.

452 1143 609 1215 Ὀργὴ
648 1143 706 1196 δὲ
743 1141 922 1197 πολλὰ
960 1142 1099 1212 δρᾶν
1135 1139 1425 1213 ἀναγκάζει
1462 1141 1620 1200 κακά.

311 1240 418 1291 430
439 1230 463 1260 '‘
477 1233 521 1287 O
558 1233 731 1303 μηδὲν
766 1227 922 1294 εἰδώς
956 1227 1117 1284 οὐδὲν
1150 1229 1532 1304 ἐξαμαρτάνει.

462 1318 655 1384 Οὐδεὶς
691 1322 949 1391 ἐπιχειρεῖ
978 1321 1092 1383 τοῖς
1128 1318 1575 1392 δεδυστυχηκόσι.

440 1405 564 1466 Ὅτ’
602 1408 836 1480 εὐτυχεῖς
869 1406 1116 1480 μάλιστα
1151 1408 1230 1481 μὴ
1268 1409 1463 1483 φρόνει
1495 1413 1656 1482 μέγα.

442 1493 667 1554 (Ὀπλον
700 1496 964 1570 μέγιστόν
1000 1499 1152 1553 ἐστιν
1185 1498 1218 1565 ἡ
1257 1497 1420 1572 ἀρετὴ
1461 1502 1696 1575 βροτοῖς.

449 1587 505 1642 Ὁ
542 1588 670 1652 νοῦς
706 1585 810 1660 γὰρ
846 1585 1003 1659 ἡμῶν
1038 1588 1189 1642 ἐστιν
1224 1588 1284 1641 ἐν
1319 1586 1526 1663 ἑκάστῳ
1560 1587 1719 1654 θεός.

312 1682 418 1735 435
461 1674 538 1732 Οὐ
572 1675 676 1750 χρὴ
715 1677 901 1748 φέρειν
935 1675 1003 1729 τὰ
1042 1674 1301 1748 πρόσθεν
1336 1678 1395 1731 ἐν
1429 1675 1619 1752 μνήμῃ
1655 1675 1815 1734 κακά.

459 1763 571 1821 Οὐκ
609 1764 724 1819 ἔστι
760 1764 954 1828 πενίας
986 1763 1112 1818 οὐδὲ
1147 1761 1209 1819 ἓν
1242 1767 1425 1837 μεῖζον
1458 1765 1645 1823 κακόν.

449 1853 523 1909 ‘0
559 1853 636 1924 μὴ
673 1853 867 1923 γαμῶν
902 1850 1206 1927 ἄνθρωπος
1242 1851 1341 1908 οὐκ
1377 1853 1484 1925 ἔχει
1519 1854 1679 1912 κακά.

449 1942 522 1997 ‘O
559 1939 899 2014 γραμμάτων
933 1939 1155 2013 ἄπειρος
1191 1940 1259 1996 οὐ
1295 1944 1482 2011 βλέπει
1519 1946 1752 2013 βλέπων.

464 2028 658 2093 Οὐδεὶς
686 2029 802 2099 -πῦρ
838 2026 913 2092 εἷς
942 2027 1205 2101 χρήματα
1243 2030 1431 2095 διδους
1466 2029 1767 2091 ἕπωὺσατο.
1860 2101 1863 2104 Α

311 2128 418 2180 440
448 2118 521 2174 ‘O
559 2116 909 2190 συκοφάντης
946 2120 1062 2173 ἐστὶ
1099 2123 1211 2184 τοῖς
1247 2121 1416 2184 πέλας
1452 2118 1626 2186 λύκος.

442 2205 655 2281 “Ορκον
692 2208 750 2261 δὲ
788 2208 953 2279 φεῦγε
989 2210 1085 2262 καὶ
1121 2208 1345 2274 δικαίως
1377 2209 1627 2275 κάδίκως.

449 2297 662 2370 Ὀργὴν
699 2295 919 2366 ἑταίρου
954 2300 1050 2350 καὶ
1087 2298 1257 2371 φίλου
1293 2299 1462 2371 πειρῶ
1497 2302 1698 2371 φέρειν.

450 2385 708 2450 Πολλοὺς
745 2385 775 2440 6
813 2384 1051 2458 πόλεμος
1089 2384 1175 2440 δι’
1217 2385 1434 2455 ὀλίγους
1469 2385 1766 2448 ἀπώλεσεν.

452 2473 784 2548 Πανηγυριν
818 2473 1001 2547 νόμιζε
1037 2473 1195 2530 τόνδε
1234 2473 1332 2529 τὸν
1369 2473 1514 2544 βίον.

310 2569 418 2621 445
454 2565 709 2630 Πολλοὺς
744 2567 964 2638 τρέφειν
999 2565 1168 2619 εἴωθε
1203 2560 1574 2631 τάδικήματα.

448 2654 705 2719 Πολλοὺς
741 2653 771 2709 6
808 2653 997 2726 καιρὸς
1033 2650 1132 2707 οὐκ
1168 2650 1334 2717 ὄντας
1371 2656 1526 2707 ποιεῖ
1555 2653 1770 2724 φίλους.

451 2745 668 2798 Πολλοὶ
704 2748 808 2816 μὲν
841 2742 1176 2815 εὐτυχοῦσιν,
1215 2740 1282 2796 οὐ
1322 2743 1593 2815 φρονοῦσι
1631 2745 1707 2800 δέ.

451 2833 675 2903 Πρᾶττε
714 2832 783 2886 τὰ
820 2833 1046 2897 σαυτοῦ,
1083 2831 1162 2902 μὴ
1202 2831 1269 2884 τά
1307 2832 1417 2884 τῶν
1452 2829 1635 2884 ἄλλων
1671 2829 1880 2904 φρόνει.

451 2921 689 2974 Πολλῶν
724 2920 754 2976 ὁ
793 2920 980 2992 καιρὸς
1015 2918 1259 2990 γίγνεται
1297 2917 1647 2985 διδάσκαλος.

310 3012 417 3063 450
456 3008 665 3073 Πενίας
702 3012 1004 3082 βαρύτερον
1040 3006 1202 3062 οὐδέν
1238 3009 1355 3062 ἐστι
1392 3008 1641 3082 φορτίον.

452 3097 608 3168 Πρὸς
646 3098 768 3152 υἱὸν
808 3097 978 3172 ὀργὴν
1014 3096 1110 3151 οὐκ
1146 3095 1253 3167 ἔχει
1282 3100 1521 3167 χρηστὸς
1559 3098 1761 3171 πατήρ.

455 3185 659 3256 Πατὴρ
696 3185 795 3259 οὐχ
833 3186 863 3242 6
901 3184 1187 3257 γεννήσας,
1222 3182 1350 3239 ἀλλ’
1393 3185 1423 3240 6
1461 3189 1690 3260 θρέψας
1726 3208 1805 3246 σε.

454 3274 720 3346 Πονηρὸν
757 3274 936 3348 ἄνδρα
974 3276 1251 3347 μηδέποτε
1289 3275 1452 3328 ποιοῦ
1490 3274 1671 3346 φίλον.

456 3362 642 3428 Πένης
680 3361 937 3436 ὑπάρχων
974 3363 1050 3434 μή
1091 3361 1285 3436 φρόνει
1321 3361 1390 3415 τόι
1428 3363 1727 3420 πλουσίων.

313 3453 424 3520 455
463 3450 643 3504 Πενία
671 3449 741 3512 ,δ’
780 3451 982 3524 ἄτιμον
1018 3454 1111 3506 καὶ
1149 3451 1247 3505 τὸν
1282 3446 1475 3520 εὐγενῆ
1511 3454 1671 3506 ποιεῖ’.
