2202 3918
182 188 294 241 aa
766 179 1246 236 ¹¹··<ml’mu
1346 218 1349 220 .
1423 195 1436 213 -

183 322 550 399 τριπροσώπῳ
574 326 988 394 interpretatur,
1031 336 1135 390 quo
1175 322 1469 392 significatu
1501 316 1866 391 Ἀρτεμίσιον
1904 323 2034 378 dixit

184 420 342 474 etiam
376 417 693 488 Hyperides,
730 417 937 466 notatus
971 410 1094 463 ideo
1129 428 1172 464 a.
1199 413 1564 478 grammaticis.
1638 414 1703 467 V.
1722 414 2033 481 Harpocrat.

183 524 238 576 p.
273 505 347 560 ⁸5
393 507 462 558 17
516 512 572 558 et
622 504 906 556 Grammat.
957 499 1178 568 Seguer.
1226 515 1277 566 p.
1314 500 1441 552 448.
1528 503 1642 567 Qua
1689 503 1812 570 lege
1859 507 2036 554 autem

184 594 592 662 antepenultima
630 596 683 642 et
719 590 877 642 huius
903 594 955 641 et
981 589 1188 656 cognati
1213 588 1437 640 nominis
1468 580 1802 656 Ἀρτεμισία
1836 590 2036 657 syllaba

182 684 529 752 producatur,
577 679 748 731 fateor
797 694 882 730 me
928 677 1124 730 frustra
1159 678 1492 745 quaesivisse.
1580 677 1781 731 Eadem
1824 671 2037 743 ἀπορία

183 772 425 824 adiectivi
466 762 736 839 χαρίσιος.
837 768 1155 820 Laconicum
1213 759 1585 835 Ἀρταμίτιον
1649 782 1751 833 qua
1795 781 2039 818 mensura

184 861 374 913 dixerit
409 856 787 925 Aristophanes
823 855 948 923 Lys.
986 855 1124 907 1251
1164 871 1267 909 non
1304 856 1486 923 liquet.
1569 855 1819 923 Suspicor
1865 859 2038 904 tamen

182 949 335 1002 huius
371 947 576 1000 formae
612 946 765 998 aliam
804 960 920 997 esse
958 958 1111 1011 quam
1149 946 1337 997 atticae
1372 960 1685 999 mensuram.
1722 942 1861 994 Num
1898 940 2041 993 forte

183 1037 342 1091 Attici
390 1028 749 1104 Ἀρτεμίσιος
786 1038 839 1085 et
869 1027 1123 1101 χαρίσιος
1160 1032 1430 1098 dixerunt,
1484 1033 1692 1101 decepti
1738 1030 1871 1083 falsa
1915 1046 2036 1082 ana-

182 1126 322 1194 logia
356 1124 579 1180 nominis
610 1117 1022 1192 Ἀφροδίσιοςΐ

1018 1277 1212 1331 XLIII.

1133 1375 1475 1451 Μόνος,γὰρ
1509 1367 1580 1446 ἦν
1616 1380 1787 1450 λέγων

431 1488 690 1562 ἄκουσμα
726 1484 1041 1560 κᾶκρόαμα.
1105 1503 1108 1507 ·

324 1624 701 1678 Grammaticus
737 1620 964 1674 Bekkeri
1000 1619 1197 1673 Anecd.
1236 1620 1327 1671 Gr.
1366 1636 1418 1686 p.
1447 1619 1583 1672 372:
1621 1613 1850 1689 Δίφιλος
1888 1615 1947 1667 δὲ
1983 1615 2040 1669 ἐκ

180 1707 543 1782 παραλλήλου
587 1709 803 1762 τέθεικε
853 1704 953 1769 τὰς
1003 1705 1169 1772 λέξεις
1212 1701 1414 1781 ,Μόνος
1461 1703 1566 1778 γὰρ
1601 1693 1675 1771 ἦν
1709 1705 1821 1759 κτλ.
1909 1708 2040 1761 Pos-

180 1807 302 1856 sunt
357 1802 490 1854 haec
538 1800 693 1853 etiam
737 1799 810 1850 ita
857 1797 1108 1866 distingui
1143 1802 1202 1851 ut
1249 1799 1540 1851 tetrametri
1587 1801 1871 1867 appareant
1915 1798 2040 1850 reli-

184 1892 340 1960 quiae
374 1899 481 1945 uno
519 1890 658 1959 pede
694 1887 930 1941 minoris.-

1013 2041 1204 2096 XLIV·

588 2146 712 2200 Καὶ
746 2140 911 2200 πόδα
934 2141 1121 2215 βόειον
1155 2141 1284 2199 οἰδὲ
1321 2137 1399 2209 εἷς
1435 2141 1599 2220 ὀπτᾷ.

323 2278 555 2332 Lexicon
593 2280 656 2331 ab
677 2278 981 2332 Hermanno
1019 2250 1216 2331 editum
1254 2296 1305 2348 p.
1329 2274 1569 2354 ⁸²4².²‘'²
1602 2275 1662 2329 δὲ
1697 2266 1883 2337 όπτᾶν
1916 2275 2037 2331 δευ-

182 2360 343 2438 τέρας
381 2361 677 2447 (συζυγίας
714 2361 903 2431 ἐστι’)·
949 2364 1049 2417 καὶ
1083 2359 1234 2417 πόδα
1271 2361 1458 2434 βόειον
1494 2362 1676 2429 οὐδεὶς
1709 2361 1887 2441 ὀπτᾷ,
1940 2362 2037 2418 Δι’-

180 2449 343 2536 ψιλός
379 2469 556 2524 φησιν
590 2448 620 2505 ὁ
652 2447 994 2536 Ἀθηναῖος.
1069 2456 1285 2509 Correxi
1317 2450 1442 2507 οὐδὲ
1477 2443 1572 2517 εἷς.

1024 2611 1186 2667 XLV.

256 2769 260 2774 .
327 2718 661 2789 Phrynichus
683 2718 870 2786 Praep.
889 2718 1040 2787 soph.
1061 2735 1114 2787 p.
1136 2721 1207 2771 33
1244 2720 1330 2773 33.
1355 2719 1446 2790 Γρ
1461 2736 1584 2789 υμε
1599 2714 1700 2774 ia:
1734 2713 1807 2784 ἢν
1824 2717 1880 2772 ὀἱ
1898 2718 2033 2772 πολ.-

187 2805 276 2860 λοὶ
293 2802 500 2877 γρύτην
516 2804 763 2858 καλοῦσι.
785 2802 1018 2875 Δίᾳιλος
1033 2802 1167 2859 ἄνευ
1186 2806 1286 2860 τοῦ
1321 2826 1342 2860 ι
1376 2808 1636 2879 γρυμέαν.
1674 2805 1792 2862 ἔστι
1812 2808 1871 2861 δὲ
1894 2803 2033 2879 παρ’

185 2891 534 2960 ῗΑθηναίοις
568 2890 722 2965 πήρα
757 2913 840 2958 τις
863 2895 1073 2967 γρυμέα
1097 2895 1427 2965 καλουμένη,
1463 2897 1524 2949 ἐν
1547 2887 1585 2972 ᾗ
1605 2899 1845 2952 παντοῖα
1874 2893 2040 2962 σκεύη

189 2981 326 3040 ἐστὶ.
380 2987 572 3039 Forma
607 2981 840 3056 γρυμεία
877 2987 1038 3039 hodie
1073 2986 1191 3038 fere
1227 2988 1524 3041 oblitterata
1559 2995 1669 3053 est3
1706 2995 1759 3041 at
1794 2989 2044 3055 frequens

191 3083 272 3131 est
307 3070 551 3146 γρυμαία
590 3081 645 3127 et
676 3072 904 3143 γρυμέα,
940 3075 1036 3128 sed
1060 3077 1134 3128 ita
1168 3081 1229 3128 ut
1263 3075 1470 3144 γρυμὲα
1493 3079 1738 3131 meliores
1774 3079 1891 3130 fere
1925 3076 2043 3128 libri

190 3167 434 3220 habeant.
522 3164 600 3215 Ita
651 3165 809 3218 etiam
869 3165 1006 3234 apud
1054 3166 1311 3218 incertum
1361 3171 1628 3220 auctorem
1686 3169 1740 3219 in
1779 3167 2042 3239 Volumin.

193 3255 412 3308 Hercul.
452 3252 476 3307 1
511 3254 654 3333 p.94
691 3251 901 3322 γρυμέα
938 3255 1149 3322 legitur,
1187 3270 1290 3307 non
1326 3250 1590 3323 γρυμαία.
1663 3254 1896 3308 Eandem
1933 3254 2042 3306 for-

195 3359 333 3398 mam
370 3342 548 3395 tuetur
584 3341 670 3395 lex
706 3345 924 3397 metrica
972 3344 1026 3398 in
1064 3342 1272 3398 Sotadis
1319 3345 1503 3399 comici
1542 3358 1698 3398 versu
1730 3336 2041 3411 Ἐγκλειομ.

198 3433 243 3499 1,
277 3434 316 3491 3,
354 3432 486 3497 (vol.
526 3430 603 3487 111
641 3447 697 3501 p.
735 3431 888 3500 585).
