2202 3918
243 196 350 247 822
1040 183 1306 238 omnim

243 341 333 388 aut
366 334 556 386 iactum
594 330 720 382 fecit
757 346 875 382 cum
911 328 1112 381 sentina
1151 333 1511 393 gravesceretz

244 423 428 475 omitto
465 421 606 472 hunc
645 419 717 471 nil
756 424 1054 479 cunctatus;
1094 432 1212 466 nam
1251 416 1497 482 quicquid
1533 415 1660 467 facit

243 510 372 561 facit
408 509 536 559 dicis
575 523 746 560 causa.
787 506 923 558 haud
961 505 1117 556 animi
1157 521 1218 554 ex
1257 506 1542 556 sententia:

243 604 356 649 tum
390 612 516 649 vero
553 597 691 648 inter
727 596 990 648 libandum
1030 592 1176 661 ponit
1212 593 1487 656 calculum,

244 690 491 753 quantum
530 685 642 737 cius
677 684 1037 751 imputandum
1076 683 1142 733 sit
1178 683 1493 746 vectoribu8‚

244 789 496 840 suamque
535 774 605 824 de
641 774 771 823 extis
810 772 999 838 singuli
1036 777 1237 838 partem
1275 778 1474 822 vorant.

243 863 498 929 Byzantio
537 862 668 913 alius
705 866 879 911 autem
918 861 1106 911 nudius
1145 860 1331 910 tertius

246 965 490 1018 egressus
524 949 664 1000 venit
701 949 871 1000 salvus
910 949 1030 1012 huc,
1065 965 1124 998 re
1161 948 1378 1014 sospite,

245 1039 429 1090 decem
467 1039 695 1089 lucratus
733 1039 785 1088 in
825 1038 990 1088 minas
1028 1043 1115 1088 aut
1143 1037 1431 1097 &duodecim

244 1126 535 1187 drachmae,
574 1132 789 1176 vectura
826 1132 1058 1190 accepta,
1096 1130 1307 1175 ructans
1344 1125 1581 1187 foenora,

244 1214 333 1280 qni
370 1213 566 1268 Veneri
603 1212 760 1262 faciat
797 1212 941 1263 duris
979 1213 1074 1262 sub
1114 1210 1431 1273 leno-nibus?

241 1303 398 1364 hunc,
435 1302 588 1353 simui
627 1300 909 1362 ascendit,
948 1306 1163 1367 propter
1202 1315 1472 1367 emungor,
1517 1315 1725 1351 manum
1815 1358 1821 1366 s

244 1391 396 1454 cedo,
436 1392 647 1456 Iovique
687 1389 923 1455 praestiti
961 1397 1137 1455 grates
1175 1406 1293 1456 ago,

243 1495 433 1546 meque
471 1479 584 1545 ipse
621 1483 762 1528 totus
801 1478 866 1528 ad
905 1478 1250 1530 ministerium
1289 1495 1514 1545 apparo:

153 1618 156 1619 γ
244 1583 394 1618 meus
429 1568 531 1617 iste
570 1582 684 1617 mos
723 1574 818 1619 est.
891 1566 1090 1618 iuvenis
1128 1583 1306 1618 amore
1344 1567 1578 1633 perditus

243 1672 357 1706 rem
391 1655 608 1722 patriam
647 1655 767 1705 luxu
807 1656 1064 1722 prodigit:
1105 1672 1299 1722 sequor
1337 1656 1478 1707 hunc
1515 1671 1632 1722 ego.

246 1749 299 1794 at
336 1744 465 1794 alios
505 1760 619 1794 esse
653 1745 739 1809 qui
777 1745 958 1794 volunt
995 1745 1063 1795 de
1099 1746 1366 1811 symbolis,

244 1838 616 1899 repertumque
659 1832 850 1897 aliquid
886 1834 1079 1882 iaciunt
1118 1833 1258 1882 forte
1294 1832 1345 1883 in
1382 1846 1614 1893 urceum,

246 1920 479 1986 quamvis
517 1925 819 1984 torquentes
857 1920 1089 1969 fimbrias
1127 1920 1353 1969 clament
1393 1921 1499 1980 diu,

246 2008 350 2058 vile
387 2008 716 2059 obsoniolum
756 2008 987 2074 quisnam
1028 2014 1125 2069 est,
1166 2007 1253 2071 qui
1293 2008 1440 2057 nobis
1478 2008 1665 2075 paret?

248 2097 362 2148 sino
403 2096 685 2148 clamitare.
759 2113 877 2147 nam
915 2096 1167 2163 principio
1207 2098 1426 2147 verbera

247 2186 320 2236 ibi
358 2191 479 2236 sunt
516 2191 711 2252 parata,
750 2191 803 2235 et
841 2186 1008 2235 noctis
1047 2190 1334 2251 perpetuae
1371 2186 1536 2237 labor.

251 2275 393 2342 quod
431 2275 476 2325 si
515 2274 810 2324 mercedem
847 2274 1071 2340 flagita,
1109 2274 1362 2325 Matulam
1402 2274 1532 2324 mihi

253 2365 419 2431 priuS,
457 2363 640 2428 inquit,
676 2363 888 2429 praebe.
962 2362 1108 2424 lenti,
1147 2379 1213 2413 ne
1252 2362 1467 2413 oblitum
1505 2368 1677 2429 puteS‚

255 2458 461 2503 acetum
501 2451 697 2500 deerat.
774 2467 958 2516 poscas
992 2451 1212 2503 iterum:
1252 2451 1364 2500 Nae
1402 2456 1474 2511 tu,
1514 2451 1601 2511 ait,

251 2542 406 2592 flebis
445 2553 730 2606 coquorum
769 2538 982 2604 primus·
1058 2541 1300 2588 sexcenta
1337 2537 1388 2587 id
1427 2553 1594 2603 genus

252 2630 462 2680 adferre
500 2643 723 2695 possem.
798 2628 857 2676 B.
901 2619 1090 2679 Verum
1130 2642 1232 2692 quo
1269 2631 1322 2676 te
1361 2627 1558 2677 ductito

249 2719 467 2784 lupanar
505 2723 584 2767 est
621 2718 918 2784 opiparum:
957 2722 1184 2768 scortum
1225 2716 1402 2766 nobile

254 2808 456 2859 Adonia
493 2822 649 2871 agere
688 2807 794 2857 vult
832 2823 947 2861 cum
985 2806 1242 2857 sociennis
1281 2805 1415 2855 suis:

255 2895 348 2946 ubi
382 2893 561 2955 abibis,
602 2901 654 2943 et
693 2901 744 2945 te
784 2895 1013 2947 excuties
1050 2903 1102 2945 et
1140 2893 1333 2961 pariter
1372 2893 1556 2943 sinum.

837 3102 1535 3160 ΘΗΣΑΥΡΟΣ.

259 3237 411 3304 Quod
447 3253 541 3303 pro
576 3237 740 3287 salute
780 3237 968 3288 dicitur
1006 3237 1347 3299 mendacium,

259 3343 343 3376 me
381 3326 552 3377 iudice
589 3325 783 3375 habere
823 3327 894 3378 nil
933 3332 1105 3394 potest
1142 3327 1471 3378 incommodi.
