2202 3918
300 212 410 264 84ss
902 232 908 260 z
1091 212 1394 266 STRATO.

301 369 454 404 nemo
490 353 589 404 isto
630 369 660 403 e
698 367 914 404 numero
955 354 1255 421 condapalis
1294 355 1501 409 dicitur.

299 456 452 493 nemo
490 441 935 508 aderitsinquam.
1007 442 1173 508 quid‘.²
1211 445 1407 498 vocasti
1444 444 1704 500 neminem
1720 448 1757 500 22.

298 530 484 595 inquit,
521 546 834 590 succensens
872 537 1114 597 tanquam
1153 538 1366 599 accepta
1401 533 1606 588 iniuria.

300 626 563 673 mactasne
601 620 967 671 tet-risulcum?
1005 635 1126 682 non,
1164 621 1479 687 respondeo.

298 708 485 758 bovem
523 723 649 775 ergo
686 709 1044 761 latifrontem?
1080 726 1184 761 non
1225 715 1393 761 macto
1434 711 1636 763 bovem.

300 798 535 849 sedenim
575 798 855 850 bidentes?
893 799 1015 861 imo,
1054 815 1150 864 per
1183 814 1442 850 summum
1482 801 1678 863 lovem,

298 892 559 949 neutrum,
597 887 692 937 sed
727 903 877 937 ovem
915 889 1168 939 mactabo.
1246 887 1354 939 tun'
1393 890 1563 940 nescis
1601 903 1725 941 oves

296 975 535 1026 bidentes
573 976 713 1026 dici?
748 992 848 1027 nec
885 977 1012 1040 scio,
1047 993 1144 1027 nec
1179 977 1299 1028 volo
1339 978 1572 1028 disceret

295 1064 516 1131 agrestis
555 1081 652 1131 ego
690 1080 822 1127 sum,
856 1065 1073 1130 loquere
1111 1081 1314 1119 mecum
1353 1066 1574 1132 planius.

295 1169 360 1203 an
399 1152 625 1203 Ennium
663 1151 734 1202 ita
770 1153 1000 1202 locutum
1036 1154 1286 1219 ignoras?
1323 1170 1427 1205 non
1461 1170 1598 1220 nego
1612 1173 1630 1202 -:

294 1256 412 1292 nam
451 1240 596 1290 licuit
631 1241 706 1290 illi
744 1241 818 1291 sic
855 1241 1016 1307 loqui,
1054 1248 1112 1292 ut
1148 1241 1317 1303 libuit,
1353 1257 1538 1308 coque.

293 1330 389 1380 sed
424 1329 544 1391 hoc,
583 1346 678 1396 per
715 1330 909 1382 Vestae
946 1346 1158 1393 numen,
1195 1346 1290 1382 nos
1329 1331 1452 1397 quid
1491 1331 1714 1382 attinet?

293 1419 416 1484 quin
453 1424 509 1469 tu
546 1419 708 1486 magis
746 1418 865 1469 audi
903 1423 1109 1469 caetera
1145 1420 1211 1470 ad
1250 1421 1475 1471 eundem
1514 1418 1745 1472 modum.

293 1524 358 1559 an
396 1507 633 1559 Enniane
671 1523 757 1557 me
795 1506 1021 1557 dect-esti
1058 1507 1323 1572 perdere?

293 1611 442 1646 meus
481 1596 550 1646 ita
589 1595 687 1646 fari
725 1611 838 1647 mos
877 1602 972 1647 est.
1048 1601 1099 1646 at
1132 1612 1257 1650 vero
1296 1596 1423 1646 mihi

291 1689 348 1735 tu
388 1701 455 1735 ne
492 1684 567 1735 sic
605 1683 837 1751 loquere.
914 1689 1131 1751 propter
1168 1685 1440 1737 drachmas
1479 1690 1722 1752 quattuor

291 1790 475 1835 meam,
511 1773 696 1839 inquit,
732 1774 951 1840 perdam
988 1773 1061 1826 vis
1099 1775 1700 1839 consuetiloquentiam?

291 1862 455 1914 molas
491 1862 591 1912 huc
628 1861 795 1912 adfer.
867 1861 990 1911 hem
1028 1861 1153 1926 quid
1191 1861 1362 1912 dicis?
1401 1861 1678 1913 hordeum.

292 1951 415 2017 quid
451 1954 554 2000 tam
594 1949 842 2016 perplexa
879 1948 1128 2013 loqueriS,
1165 1948 1527 1998 insanissime?

292 2040 511 2091 adestne
548 2038 782 2089 humoris
820 2037 1068 2103 aequorei
1106 2038 1413 2088 concretio?

291 2129 413 2195 quin
452 2132 509 2178 tu
546 2126 834 2193 perspicuis
871 2125 1044 2180 verbis
1086 2126 1197 2176 edis
1235 2126 1359 2191 quid
1401 2124 1570 2181 velis?

289 2232 473 2267 vecors
512 2231 585 2278 es,
622 2211 811 2281 inquit.
844 2215 914 2265 mi
951 2230 1139 2265 senex:
1182 2215 1312 2265 cedo
1350 2215 1540 2266 salem:

289 2306 558 2357 concretio
595 2303 729 2353 haec
766 2307 848 2353 est
884 2302 990 2353 illa.
1062 2304 1164 2354 iam
1199 2308 1429 2354 monstra
1464 2303 1760 2369 aquiminal.

287 2394 485 2454 aderat,
524 2392 799 2454 mactabat,
836 2391 994 2442 verba
1031 2395 1267 2441 attexens
1308 2392 1548 2458 plurima,

286 2498 420 2548 quae
457 2481 658 2531 medius
695 2479 851 2529 fidius
889 2495 1040 2529 nemo
1079 2494 1304 2544 unquam
1342 2480 1691 2532 intellexerit:

285 2570 500 2631 ercisce,
538 2568 787 2634 segmina,
825 2571 934 2618 tum
972 2567 1183 2633 biplicia
1221 2572 1274 2617 et
1310 2569 1573 2620 subulam:

283 2664 342 2710 ut
379 2657 507 2708 mihi
546 2655 802 2722 legendus
840 2656 1012 2707 Verrii
1052 2656 1226 2706 Flacci
1263 2656 1398 2706 liber

283 2747 460 2809 fuerit,
499 2746 777 2796 verborum
815 2750 873 2795 ut
910 2745 1198 2811 significata
1237 2746 1550 2797 evolverem.

282 2852 419 2887 nunc
456 2834 676 2900 supplex
714 2849 806 2883 oro
844 2849 1042 2884 morem
1081 2838 1138 2884 ut
1174 2835 1416 2884 immutet
1448 2850 1622 2896 suum,

278 2925 680 2988 humanitusque
718 2921 988 2986 loquatur:
1030 2938 1229 2984 verum,
1269 2922 1449 2974 hercle
1484 2922 1613 2984 scio,

280 3014 439 3066 suada
474 3013 586 3080 ipsa
624 3011 676 3061 id
713 3010 787 3061 illi
824 3011 1128 3078 neutiquam
1166 3011 1504 3079 persuaserit.
