<?xml version="1.0" encoding="UTF-8"?>
<!DOCTYPE html PUBLIC "-//W3C//DTD XHTML 1.0 Transitional//EN"
    "http://www.w3.org/TR/xhtml1/DTD/xhtml1-transitional.dtd">
<html xmlns="http://www.w3.org/1999/xhtml" xml:lang="en" lang="en">
 <head>
  <title>
</title>
<meta http-equiv="Content-Type" content="text/html;charset=utf-8" />
  <meta name='ocr-system' content='tesseract 3.04.00' />
  <meta name='ocr-capabilities' content='ocr_page ocr_carea ocr_par ocr_line ocrx_word'/>
</head>
<body>
  <div class='ocr_page' id='page_1' title='image "./fragmentacomicor04meinuoft/fragmentacomicor04meinuoft_0759.png"; bbox 0 0 2202 3918; ppageno 0'>
   <div class='ocr_carea' id='block_1_1' title="bbox 623 205 2018 268">
    <p class='ocr_par' dir='ltr' id='par_1_1' title="bbox 623 205 2018 268">
     <span class='ocr_line' id='line_1_1' title="bbox 623 205 2018 268; baseline 0.007 -9"><span class='ocrx_word' id='word_1_1' title='bbox 623 206 957 262; x_wconf 68' lang='lat' dir='ltr'><strong>FABULAE:</strong></span> <span class='ocrx_word' id='word_1_2' title='bbox 995 205 1376 262; x_wconf 78' lang='lat' dir='ltr'>INCERTAE.</span> <span class='ocrx_word' id='word_1_3' title='bbox 1826 216 1931 268; x_wconf 71' lang='lat'>787</span> <span class='ocrx_word' id='word_1_4' title='bbox 2010 217 2018 224; x_wconf 83' lang='lat'><strong>‘</strong></span> 
     </span>
    </p>
   </div>
   <div class='ocr_carea' id='block_1_2' title="bbox 0 347 1650 3603">
    <p class='ocr_par' dir='ltr' id='par_1_2' title="bbox 0 347 1650 3603">
     <span class='ocr_line' id='line_1_2' title="bbox 72 347 1251 418; baseline -0.002 -16"><span class='ocrx_word' id='word_1_5' title='bbox 72 351 172 418; x_wconf 90' lang='lat' dir='ltr'>ipsi</span> <span class='ocrx_word' id='word_1_6' title='bbox 210 350 308 403; x_wconf 82' lang='lat' dir='ltr'>sibi</span> <span class='ocrx_word' id='word_1_7' title='bbox 344 347 470 416; x_wconf 87' lang='lat' dir='ltr'>ipsis</span> <span class='ocrx_word' id='word_1_8' title='bbox 507 362 663 414; x_wconf 83' lang='lat' dir='ltr'>quam</span> <span class='ocrx_word' id='word_1_9' title='bbox 705 355 827 401; x_wconf 92' lang='lat' dir='ltr'>sunt</span> <span class='ocrx_word' id='word_1_10' title='bbox 864 365 925 400; x_wconf 85' lang='lat' dir='ltr'>ea</span> <span class='ocrx_word' id='word_1_11' title='bbox 961 355 1144 417; x_wconf 82' lang='lat' dir='ltr'>suapte</span> <span class='ocrx_word' id='word_1_12' title='bbox 1181 349 1251 400; x_wconf 84' lang='lat' dir='ltr'>vi.</span> 
     </span>
     <span class='ocr_line' id='line_1_3' title="bbox 73 437 1131 505; baseline -0.002 -14"><span class='ocrx_word' id='word_1_13' title='bbox 73 438 300 491; x_wconf 73' lang='lat' dir='ltr'>excessit</span> <span class='ocrx_word' id='word_1_14' title='bbox 334 437 438 487; x_wconf 79' lang='lat' dir='ltr'>vita</span> <span class='ocrx_word' id='word_1_15' title='bbox 473 441 626 489; x_wconf 86' lang='lat' dir='ltr'>natus</span> <span class='ocrx_word' id='word_1_16' title='bbox 660 443 750 489; x_wconf 80' lang='lat' dir='ltr'>aut</span> <span class='ocrx_word' id='word_1_17' title='bbox 786 442 953 490; x_wconf 84' lang='lat' dir='ltr'>mater</span> <span class='ocrx_word' id='word_1_18' title='bbox 989 444 1131 505; x_wconf 80' lang='lat' dir='ltr'>puta,</span> 
     </span>
     <span class='ocr_line' id='line_1_4' title="bbox 68 525 1200 594; baseline 0 -16"><span class='ocrx_word' id='word_1_19' title='bbox 68 533 160 579; x_wconf 83' lang='lat' dir='ltr'>ant</span> <span class='ocrx_word' id='word_1_20' title='bbox 191 525 425 594; x_wconf 82' lang='lat' dir='ltr'>proxima</span> <span class='ocrx_word' id='word_1_21' title='bbox 461 525 648 591; x_wconf 81' lang='lat' dir='ltr'>aliquis</span> <span class='ocrx_word' id='word_1_22' title='bbox 686 543 750 579; x_wconf 82' lang='lat' dir='ltr'>ex</span> <span class='ocrx_word' id='word_1_23' title='bbox 786 526 1200 580; x_wconf 77' lang='lat' dir='ltr'>necessitudine:</span> 
     </span>
     <span class='ocr_line' id='line_1_5' title="bbox 66 613 1322 684; baseline -0.002 -18"><span class='ocrx_word' id='word_1_24' title='bbox 66 616 121 667; x_wconf 91' lang='lat' dir='ltr'>id</span> <span class='ocrx_word' id='word_1_25' title='bbox 156 616 201 666; x_wconf 90' lang='lat' dir='ltr'>si</span> <span class='ocrx_word' id='word_1_26' title='bbox 238 614 353 681; x_wconf 85' lang='lat' dir='ltr'>quis</span> <span class='ocrx_word' id='word_1_27' title='bbox 389 613 467 666; x_wconf 86' lang='lat' dir='ltr'>sic</span> <span class='ocrx_word' id='word_1_28' title='bbox 500 615 753 682; x_wconf 82' lang='lat' dir='ltr'>accipiat:</span> <span class='ocrx_word' id='word_1_29' title='bbox 790 632 980 684; x_wconf 83' lang='lat' dir='ltr'>nempe</span> <span class='ocrx_word' id='word_1_30' title='bbox 1019 615 1147 666; x_wconf 87' lang='lat' dir='ltr'>obiit</span> <span class='ocrx_word' id='word_1_31' title='bbox 1183 613 1322 665; x_wconf 90' lang='lat' dir='ltr'>diem</span> 
     </span>
     <span class='ocr_line' id='line_1_6' title="bbox 66 702 1650 769; baseline 0.001 -14"><span class='ocrx_word' id='word_1_32' title='bbox 66 704 226 755; x_wconf 87' lang='lat' dir='ltr'>homo</span> <span class='ocrx_word' id='word_1_33' title='bbox 263 708 431 765; x_wconf 83' lang='lat' dir='ltr'>natus,</span> <span class='ocrx_word' id='word_1_34' title='bbox 470 707 718 769; x_wconf 83' lang='lat' dir='ltr'>quantum</span> <span class='ocrx_word' id='word_1_35' title='bbox 755 702 928 755; x_wconf 78' lang='lat' dir='ltr'>fuerat</span> <span class='ocrx_word' id='word_1_36' title='bbox 964 703 1286 754; x_wconf 75' lang='lat' dir='ltr'>tantumdem</span> <span class='ocrx_word' id='word_1_37' title='bbox 1324 706 1404 754; x_wconf 84' lang='lat' dir='ltr'>est</span> <span class='ocrx_word' id='word_1_38' title='bbox 1441 702 1650 757; x_wconf 84' lang='lat' dir='ltr'>malum.</span> 
     </span>
     <span class='ocr_line' id='line_1_7' title="bbox 66 791 1300 860; baseline -0.002 -15"><span class='ocrx_word' id='word_1_39' title='bbox 66 793 207 860; x_wconf 79' lang='lat' dir='ltr'>qnod</span> <span class='ocrx_word' id='word_1_40' title='bbox 243 794 287 845; x_wconf 89' lang='lat' dir='ltr'>si</span> <span class='ocrx_word' id='word_1_41' title='bbox 324 791 429 843; x_wconf 84' lang='lat' dir='ltr'>sic:</span> <span class='ocrx_word' id='word_1_42' title='bbox 467 792 658 845; x_wconf 84' lang='lat' dir='ltr'>Periit:</span> <span class='ocrx_word' id='word_1_43' title='bbox 696 809 800 845; x_wconf 92' lang='lat' dir='ltr'>non</span> <span class='ocrx_word' id='word_1_44' title='bbox 838 793 1027 844; x_wconf 85' lang='lat' dir='ltr'>tuebor</span> <span class='ocrx_word' id='word_1_45' title='bbox 1061 792 1300 859; x_wconf 87' lang='lat' dir='ltr'>amplius,</span> 
     </span>
     <span class='ocr_line' id='line_1_8' title="bbox 59 881 1273 950; baseline -0.002 -17"><span class='ocrx_word' id='word_1_46' title='bbox 59 882 167 934; x_wconf 80' lang='lat' dir='ltr'>heu</span> <span class='ocrx_word' id='word_1_47' title='bbox 205 883 308 933; x_wconf 80' lang='lat' dir='ltr'>vita</span> <span class='ocrx_word' id='word_1_48' title='bbox 342 882 530 934; x_wconf 84' lang='lat' dir='ltr'>invita!</span> <span class='ocrx_word' id='word_1_49' title='bbox 568 884 655 950; x_wconf 91' lang='lat' dir='ltr'>qui</span> <span class='ocrx_word' id='word_1_50' title='bbox 693 883 792 933; x_wconf 85' lang='lat' dir='ltr'>ista</span> <span class='ocrx_word' id='word_1_51' title='bbox 826 897 1004 933; x_wconf 87' lang='lat' dir='ltr'>secum</span> <span class='ocrx_word' id='word_1_52' title='bbox 1042 881 1273 948; x_wconf 84' lang='lat' dir='ltr'>deputat,</span> 
     </span>
     <span class='ocr_line' id='line_1_9' title="bbox 0 969 1246 1036; baseline -0.002 -14"><span class='ocrx_word' id='word_1_53' title='bbox 0 1020 1 1023; x_wconf 76' lang='grc'>,</span> <span class='ocrx_word' id='word_1_54' title='bbox 59 971 107 1021; x_wconf 84' lang='lat' dir='ltr'>is</span> <span class='ocrx_word' id='word_1_55' title='bbox 144 970 211 1021; x_wconf 79' lang='lat' dir='ltr'>ad</span> <span class='ocrx_word' id='word_1_56' title='bbox 248 971 442 1022; x_wconf 83' lang='lat' dir='ltr'>malum</span> <span class='ocrx_word' id='word_1_57' title='bbox 479 970 588 1036; x_wconf 38' lang='lat' dir='ltr'>alia,</span> <span class='ocrx_word' id='word_1_58' title='bbox 616 970 716 1022; x_wconf 88' lang='lat' dir='ltr'>sibi</span> <span class='ocrx_word' id='word_1_59' title='bbox 750 970 1074 1021; x_wconf 86' lang='lat' dir='ltr'>consarcinat</span> <span class='ocrx_word' id='word_1_60' title='bbox 1111 969 1246 1020; x_wconf 87' lang='lat' dir='ltr'>mala</span> 
     </span>
     <span class='ocr_line' id='line_1_10' title="bbox 0 1056 1323 1126; baseline -0.003 -15"><span class='ocrx_word' id='word_1_61' title='bbox 0 1061 4 1126; x_wconf 66' lang='lat'>3</span> <span class='ocrx_word' id='word_1_62' title='bbox 59 1067 114 1111; x_wconf 78' lang='lat' dir='ltr'>at</span> <span class='ocrx_word' id='word_1_63' title='bbox 149 1059 237 1125; x_wconf 88' lang='lat' dir='ltr'>qui</span> <span class='ocrx_word' id='word_1_64' title='bbox 271 1059 486 1111; x_wconf 87' lang='lat' dir='ltr'>rationis</span> <span class='ocrx_word' id='word_1_65' title='bbox 525 1065 711 1110; x_wconf 86' lang='lat' dir='ltr'>cuncta</span> <span class='ocrx_word' id='word_1_66' title='bbox 746 1057 812 1109; x_wconf 88' lang='lat' dir='ltr'>ad</span> <span class='ocrx_word' id='word_1_67' title='bbox 849 1056 1124 1110; x_wconf 82' lang='lat' dir='ltr'>arbitrium·</span> <span class='ocrx_word' id='word_1_68' title='bbox 1155 1063 1323 1119; x_wconf 82' lang='lat' dir='ltr'>vocat,</span> 
     </span>
     <span class='ocr_line' id='line_1_11' title="bbox 0 1129 1328 1215; baseline -0.001 -16"><span class='ocrx_word' id='word_1_69' title='bbox 0 1129 3 1210; x_wconf 53' lang='grc' dir='ltr'><em>ζ</em></span> <span class='ocrx_word' id='word_1_70' title='bbox 60 1149 106 1200; x_wconf 82' lang='lat' dir='ltr'>is</span> <span class='ocrx_word' id='word_1_71' title='bbox 143 1148 283 1215; x_wconf 88' lang='lat' dir='ltr'>quod</span> <span class='ocrx_word' id='word_1_72' title='bbox 321 1148 463 1200; x_wconf 86' lang='lat' dir='ltr'>dolet</span> <span class='ocrx_word' id='word_1_73' title='bbox 500 1148 735 1210; x_wconf 82' lang='lat' dir='ltr'>deducit,</span> <span class='ocrx_word' id='word_1_74' title='bbox 765 1147 959 1199; x_wconf 84' lang='lat' dir='ltr'>retinet</span> <span class='ocrx_word' id='word_1_75' title='bbox 994 1146 1134 1214; x_wconf 90' lang='lat' dir='ltr'>quod</span> <span class='ocrx_word' id='word_1_76' title='bbox 1172 1147 1328 1199; x_wconf 83' lang='lat' dir='ltr'>iuvat.</span> 
     </span>
     <span class='ocr_line' id='line_1_12' title="bbox 929 1236 1049 1290; baseline -0.025 0"><span class='ocrx_word' id='word_1_77' title='bbox 929 1236 1049 1290; x_wconf 80' lang='lat' dir='ltr'>vu,</span> 
     </span>
     <span class='ocr_line' id='line_1_13' title="bbox 58 1299 1299 1379; baseline -0.004 -1"><span class='ocrx_word' id='word_1_78' title='bbox 58 1299 515 1379; x_wconf 74' lang='lat' dir='ltr'>lneommoditates</span> <span class='ocrx_word' id='word_1_79' title='bbox 550 1327 739 1379; x_wconf 83' lang='lat' dir='ltr'>multas</span> <span class='ocrx_word' id='word_1_80' title='bbox 776 1326 986 1378; x_wconf 76' lang='lat' dir='ltr'>divitiae</span> <span class='ocrx_word' id='word_1_81' title='bbox 1023 1323 1299 1377; x_wconf 82' lang='lat' dir='ltr'>adferunt:</span> 
     </span>
     <span class='ocr_line' id='line_1_14' title="bbox 55 1411 1168 1479; baseline -0.003 -12"><span class='ocrx_word' id='word_1_82' title='bbox 55 1416 323 1467; x_wconf 80' lang='lat' dir='ltr'>suboritur</span> <span class='ocrx_word' id='word_1_83' title='bbox 358 1417 555 1479; x_wconf 90' lang='lat' dir='ltr'>odium,</span> <span class='ocrx_word' id='word_1_84' title='bbox 588 1416 798 1479; x_wconf 82' lang='lat' dir='ltr'>invidia,</span> <span class='ocrx_word' id='word_1_85' title='bbox 838 1411 1168 1476; x_wconf 67' lang='lat' dir='ltr'>confflmeHu,</span> 
     </span>
     <span class='ocr_line' id='line_1_15' title="bbox 58 1505 1019 1573; baseline 0 -17"><span class='ocrx_word' id='word_1_86' title='bbox 58 1505 391 1573; x_wconf 75' lang='lat' dir='ltr'>negotiorum</span> <span class='ocrx_word' id='word_1_87' title='bbox 427 1505 778 1558; x_wconf 73' lang='lat' dir='ltr'>taediosorum</span> <span class='ocrx_word' id='word_1_88' title='bbox 814 1521 1019 1572; x_wconf 74' lang='lat' dir='ltr'>sege8,.</span> 
     </span>
     <span class='ocr_line' id='line_1_16' title="bbox 55 1594 1130 1661; baseline 0.001 -16"><span class='ocrx_word' id='word_1_89' title='bbox 55 1601 112 1645; x_wconf 93' lang='lat' dir='ltr'>et</span> <span class='ocrx_word' id='word_1_90' title='bbox 146 1594 286 1645; x_wconf 87' lang='lat' dir='ltr'>unda</span> <span class='ocrx_word' id='word_1_91' title='bbox 321 1610 515 1657; x_wconf 87' lang='lat' dir='ltr'>rernm,</span> <span class='ocrx_word' id='word_1_92' title='bbox 553 1600 608 1646; x_wconf 88' lang='lat' dir='ltr'>et</span> <span class='ocrx_word' id='word_1_93' title='bbox 643 1595 809 1646; x_wconf 83' lang='lat' dir='ltr'>victus</span> <span class='ocrx_word' id='word_1_94' title='bbox 845 1595 1130 1661; x_wconf 80' lang='lat' dir='ltr'>aggeratio.</span> 
     </span>
     <span class='ocr_line' id='line_1_17' title="bbox 52 1674 1394 1751; baseline 0 -18"><span class='ocrx_word' id='word_1_95' title='bbox 52 1698 142 1734; x_wconf 80' lang='lat' dir='ltr'>res</span> <span class='ocrx_word' id='word_1_96' title='bbox 176 1674 347 1750; x_wconf 46' lang='lat' dir='ltr'>agerex</span> <span class='ocrx_word' id='word_1_97' title='bbox 370 1698 579 1750; x_wconf 83' lang='lat' dir='ltr'>semper</span> <span class='ocrx_word' id='word_1_98' title='bbox 614 1683 814 1745; x_wconf 80' lang='lat' dir='ltr'>solitus,</span> <span class='ocrx_word' id='word_1_99' title='bbox 852 1680 1075 1735; x_wconf 85' lang='lat' dir='ltr'>animam</span> <span class='ocrx_word' id='word_1_100' title='bbox 1114 1699 1232 1735; x_wconf 83' lang='lat' dir='ltr'>mox</span> <span class='ocrx_word' id='word_1_101' title='bbox 1269 1683 1394 1751; x_wconf 83' lang='lat' dir='ltr'>agit,</span> 
     </span>
     <span class='ocr_line' id='line_1_18' title="bbox 53 1764 1114 1840; baseline 0.001 -18"><span class='ocrx_word' id='word_1_102' title='bbox 53 1787 181 1840; x_wconf 86' lang='lat' dir='ltr'>opes</span> <span class='ocrx_word' id='word_1_103' title='bbox 216 1769 465 1826; x_wconf 81' lang='lat' dir='ltr'>fruendas</span> <span class='ocrx_word' id='word_1_104' title='bbox 502 1764 742 1838; x_wconf 74' lang='lat' dir='ltr'>linquens</span> <span class='ocrx_word' id='word_1_105' title='bbox 778 1772 965 1822; x_wconf 86' lang='lat' dir='ltr'>heredi</span> <span class='ocrx_word' id='word_1_106' title='bbox 1002 1788 1114 1823; x_wconf 86' lang='lat' dir='ltr'>suo.</span> 
     </span>
     <span class='ocr_line' id='line_1_19' title="bbox 51 1861 1200 1928; baseline 0 -16"><span class='ocrx_word' id='word_1_107' title='bbox 51 1876 215 1928; x_wconf 79' lang='lat' dir='ltr'>qnare</span> <span class='ocrx_word' id='word_1_108' title='bbox 250 1877 336 1912; x_wconf 95' lang='lat' dir='ltr'>me</span> <span class='ocrx_word' id='word_1_109' title='bbox 370 1861 542 1928; x_wconf 89' lang='lat' dir='ltr'>potius</span> <span class='ocrx_word' id='word_1_110' title='bbox 578 1876 862 1928; x_wconf 75' lang='lat' dir='ltr'>pauperem</span> <span class='ocrx_word' id='word_1_111' title='bbox 902 1861 1004 1912; x_wconf 87' lang='lat' dir='ltr'>dici</span> <span class='ocrx_word' id='word_1_112' title='bbox 1040 1861 1200 1926; x_wconf 83' lang='lat' dir='ltr'>iuvat,</span> 
     </span>
     <span class='ocr_line' id='line_1_20' title="bbox 53 1948 1327 2022; baseline 0.001 -21"><span class='ocrx_word' id='word_1_113' title='bbox 53 1955 109 2001; x_wconf 89' lang='lat' dir='ltr'>et</span> <span class='ocrx_word' id='word_1_114' title='bbox 142 1964 308 2017; x_wconf 83' lang='lat' dir='ltr'>pauca</span> <span class='ocrx_word' id='word_1_115' title='bbox 342 1948 539 2000; x_wconf 85' lang='lat' dir='ltr'>habere</span> <span class='ocrx_word' id='word_1_116' title='bbox 576 1955 630 2000; x_wconf 86' lang='lat' dir='ltr'>et</span> <span class='ocrx_word' id='word_1_117' title='bbox 666 1965 769 2000; x_wconf 93' lang='lat' dir='ltr'>non</span> <span class='ocrx_word' id='word_1_118' title='bbox 807 1949 1088 2001; x_wconf 86' lang='lat' dir='ltr'>sollicitum</span> <span class='ocrx_word' id='word_1_119' title='bbox 1126 1950 1327 2022; x_wconf 64' lang='lat' dir='ltr'>vivere5</span> 
     </span>
     <span class='ocr_line' id='line_1_21' title="bbox 13 2038 1084 2107; baseline -0.002 -16"><span class='ocrx_word' id='word_1_120' title='bbox 13 2060 15 2062; x_wconf 95' lang='lat'>·</span> <span class='ocrx_word' id='word_1_121' title='bbox 52 2053 153 2091; x_wconf 90' lang='lat' dir='ltr'>nec</span> <span class='ocrx_word' id='word_1_122' title='bbox 189 2038 383 2090; x_wconf 83' lang='lat' dir='ltr'>divitiis</span> <span class='ocrx_word' id='word_1_123' title='bbox 417 2045 660 2090; x_wconf 88' lang='lat' dir='ltr'>onustum</span> <span class='ocrx_word' id='word_1_124' title='bbox 696 2054 796 2090; x_wconf 90' lang='lat' dir='ltr'>nec</span> <span class='ocrx_word' id='word_1_125' title='bbox 833 2040 1084 2107; x_wconf 81' lang='lat' dir='ltr'>negotiis:</span> 
     </span>
     <span class='ocr_line' id='line_1_22' title="bbox 53 2126 1372 2196; baseline 0 -16"><span class='ocrx_word' id='word_1_126' title='bbox 53 2144 172 2181; x_wconf 81' lang='lat' dir='ltr'>nam</span> <span class='ocrx_word' id='word_1_127' title='bbox 213 2127 374 2180; x_wconf 74' lang='lat' dir='ltr'>multa</span> <span class='ocrx_word' id='word_1_128' title='bbox 410 2126 546 2179; x_wconf 77' lang='lat' dir='ltr'>mala</span> <span class='ocrx_word' id='word_1_129' title='bbox 582 2126 1056 2194; x_wconf 83' lang='lat' dir='ltr'>compendifaciunt</span> <span class='ocrx_word' id='word_1_130' title='bbox 1093 2143 1372 2196; x_wconf 79' lang='lat' dir='ltr'>pauperes.</span> 
     </span>
     <span class='ocr_line' id='line_1_23' title="bbox 907 2214 1053 2268; baseline 0 0"><span class='ocrx_word' id='word_1_131' title='bbox 907 2214 1053 2268; x_wconf 80' lang='lat' dir='ltr'>vlu.</span> 
     </span>
     <span class='ocr_line' id='line_1_24' title="bbox 52 2305 1172 2369; baseline -0.003 -10"><span class='ocrx_word' id='word_1_132' title='bbox 52 2307 99 2360; x_wconf 88' lang='grc' dir='ltr'>Ο</span> <span class='ocrx_word' id='word_1_133' title='bbox 136 2305 426 2358; x_wconf 73' lang='lat' dir='ltr'>fortunatas</span> <span class='ocrx_word' id='word_1_134' title='bbox 463 2320 588 2357; x_wconf 83' lang='lat' dir='ltr'>vere</span> <span class='ocrx_word' id='word_1_135' title='bbox 624 2306 913 2358; x_wconf 85' lang='lat' dir='ltr'>animantes</span> <span class='ocrx_word' id='word_1_136' title='bbox 952 2311 1172 2369; x_wconf 87' lang='lat' dir='ltr'>ceteras,</span> 
     </span>
     <span class='ocr_line' id='line_1_25' title="bbox 18 2393 1302 2463; baseline -0.002 -16"><span class='ocrx_word' id='word_1_137' title='bbox 18 2422 21 2455; x_wconf 59' lang='lat'>=,</span> <span class='ocrx_word' id='word_1_138' title='bbox 50 2410 179 2463; x_wconf 78' lang='lat' dir='ltr'>quas</span> <span class='ocrx_word' id='word_1_139' title='bbox 214 2393 359 2447; x_wconf 81' lang='lat' dir='ltr'>nulla</span> <span class='ocrx_word' id='word_1_140' title='bbox 393 2409 518 2446; x_wconf 84' lang='lat' dir='ltr'>cura</span> <span class='ocrx_word' id='word_1_141' title='bbox 555 2394 762 2446; x_wconf 85' lang='lat' dir='ltr'>mordet</span> <span class='ocrx_word' id='word_1_142' title='bbox 798 2411 974 2446; x_wconf 83' lang='lat' dir='ltr'>rerum</span> <span class='ocrx_word' id='word_1_143' title='bbox 1014 2394 1302 2446; x_wconf 84' lang='lat' dir='ltr'>eiusmodi:</span> 
     </span>
     <span class='ocr_line' id='line_1_26' title="bbox 48 2482 1354 2551; baseline -0.003 -14"><span class='ocrx_word' id='word_1_144' title='bbox 48 2500 153 2538; x_wconf 93' lang='lat' dir='ltr'>non</span> <span class='ocrx_word' id='word_1_145' title='bbox 190 2482 384 2536; x_wconf 80' lang='lat' dir='ltr'>crimen</span> <span class='ocrx_word' id='word_1_146' title='bbox 419 2488 675 2547; x_wconf 86' lang='lat' dir='ltr'>metuunt,</span> <span class='ocrx_word' id='word_1_147' title='bbox 715 2499 817 2535; x_wconf 88' lang='lat' dir='ltr'>non</span> <span class='ocrx_word' id='word_1_148' title='bbox 854 2483 1149 2551; x_wconf 82' lang='lat' dir='ltr'>impingunt</span> <span class='ocrx_word' id='word_1_149' title='bbox 1184 2483 1354 2546; x_wconf 83' lang='lat' dir='ltr'>alteri,</span> 
     </span>
     <span class='ocr_line' id='line_1_27' title="bbox 19 2571 1086 2641; baseline -0.005 -15"><span class='ocrx_word' id='word_1_150' title='bbox 19 2573 147 2627; x_wconf 69' lang='lat' dir='ltr'>‘nec</span> <span class='ocrx_word' id='word_1_151' title='bbox 181 2571 470 2641; x_wconf 74' lang='lat' dir='ltr'>defatigant</span> <span class='ocrx_word' id='word_1_152' title='bbox 505 2587 564 2623; x_wconf 92' lang='lat' dir='ltr'>se</span> <span class='ocrx_word' id='word_1_153' title='bbox 601 2572 750 2624; x_wconf 82' lang='lat' dir='ltr'>malis</span> <span class='ocrx_word' id='word_1_154' title='bbox 788 2572 1086 2625; x_wconf 76' lang='lat' dir='ltr'>accersitist</span> 
     </span>
     <span class='ocr_line' id='line_1_28' title="bbox 49 2658 1467 2729; baseline -0.005 -15"><span class='ocrx_word' id='word_1_155' title='bbox 49 2662 147 2715; x_wconf 77' lang='lat' dir='ltr'>sed</span> <span class='ocrx_word' id='word_1_156' title='bbox 183 2676 337 2729; x_wconf 81' lang='lat' dir='ltr'>quam</span> <span class='ocrx_word' id='word_1_157' title='bbox 373 2674 716 2726; x_wconf 80' lang='lat' dir='ltr'>unaquaeque</span> <span class='ocrx_word' id='word_1_158' title='bbox 752 2673 930 2710; x_wconf 87' lang='lat' dir='ltr'>secum</span> <span class='ocrx_word' id='word_1_159' title='bbox 967 2665 1203 2710; x_wconf 89' lang='lat' dir='ltr'>naturam</span> <span class='ocrx_word' id='word_1_160' title='bbox 1241 2658 1431 2720; x_wconf 83' lang='lat' dir='ltr'>attulit,</span> <span class='ocrx_word' id='word_1_161' title='bbox 1464 2687 1467 2689; x_wconf 58' lang='lat'>&gt;</span> 
     </span>
     <span class='ocr_line' id='line_1_29' title="bbox 23 2738 1411 2815; baseline -0.005 -12"><span class='ocrx_word' id='word_1_162' title='bbox 23 2749 185 2803; x_wconf 55' lang='lat' dir='ltr'>thane</span> <span class='ocrx_word' id='word_1_163' title='bbox 219 2750 382 2802; x_wconf 79' lang='lat' dir='ltr'>solam</span> <span class='ocrx_word' id='word_1_164' title='bbox 419 2749 591 2815; x_wconf 71' lang='lat' dir='ltr'>legem</span> <span class='ocrx_word' id='word_1_165' title='bbox 629 2738 789 2810; x_wconf 79' lang='lat' dir='ltr'>novi&#39;t,</span> <span class='ocrx_word' id='word_1_166' title='bbox 825 2747 949 2799; x_wconf 83' lang='lat' dir='ltr'>huic</span> <span class='ocrx_word' id='word_1_167' title='bbox 986 2763 1049 2798; x_wconf 82' lang='lat' dir='ltr'>se</span> <span class='ocrx_word' id='word_1_168' title='bbox 1084 2751 1411 2814; x_wconf 79' lang='lat' dir='ltr'>attemperat.</span> 
     </span>
     <span class='ocr_line' id='line_1_30' title="bbox 47 2835 1318 2898; baseline -0.003 -8"><span class='ocrx_word' id='word_1_169' title='bbox 47 2844 103 2891; x_wconf 83' lang='lat' dir='ltr'>at</span> <span class='ocrx_word' id='word_1_170' title='bbox 135 2838 375 2890; x_wconf 75' lang='lat' dir='ltr'>homines</span> <span class='ocrx_word' id='word_1_171' title='bbox 412 2836 589 2887; x_wconf 78' lang='lat' dir='ltr'>miseri</span> <span class='ocrx_word' id='word_1_172' title='bbox 627 2837 781 2888; x_wconf 74' lang='lat' dir='ltr'>vitam</span> <span class='ocrx_word' id='word_1_173' title='bbox 814 2836 1026 2889; x_wconf 83' lang='lat' dir='ltr'>invitam</span> <span class='ocrx_word' id='word_1_174' title='bbox 1062 2835 1318 2898; x_wconf 85' lang='lat' dir='ltr'>ducimus,</span> 
     </span>
     <span class='ocr_line' id='line_1_31' title="bbox 23 2925 1062 2998; baseline -0.002 -17"><span class='ocrx_word' id='word_1_175' title='bbox 23 2928 351 2998; x_wconf 68' lang='lat' dir='ltr'>flopinionum</span> <span class='ocrx_word' id='word_1_176' title='bbox 388 2925 542 2988; x_wconf 81' lang='lat' dir='ltr'>servi,</span> <span class='ocrx_word' id='word_1_177' title='bbox 579 2925 803 2977; x_wconf 80' lang='lat' dir='ltr'>inventis</span> <span class='ocrx_word' id='word_1_178' title='bbox 840 2926 1062 2995; x_wconf 74' lang='lat' dir='ltr'>legibue,</span> 
     </span>
     <span class='ocr_line' id='line_1_32' title="bbox 46 3014 1363 3082; baseline -0.003 -14"><span class='ocrx_word' id='word_1_179' title='bbox 46 3017 320 3078; x_wconf 74' lang='lat' dir='ltr'>maiorum,</span> <span class='ocrx_word' id='word_1_180' title='bbox 360 3018 709 3082; x_wconf 80' lang='lat' dir='ltr'>posterorum.</span> <span class='ocrx_word' id='word_1_181' title='bbox 781 3032 884 3067; x_wconf 89' lang='lat' dir='ltr'>nou</span> <span class='ocrx_word' id='word_1_182' title='bbox 924 3016 1088 3067; x_wconf 81' lang='lat' dir='ltr'>ullum</span> <span class='ocrx_word' id='word_1_183' title='bbox 1126 3020 1206 3066; x_wconf 86' lang='lat' dir='ltr'>est</span> <span class='ocrx_word' id='word_1_184' title='bbox 1242 3014 1363 3065; x_wconf 80' lang='lat' dir='ltr'>mali</span> 
     </span>
     <span class='ocr_line' id='line_1_33' title="bbox 26 3103 1221 3173; baseline -0.001 -19"><span class='ocrx_word' id='word_1_185' title='bbox 26 3103 329 3173; x_wconf 69' lang='lat' dir='ltr'>teffugium:</span> <span class='ocrx_word' id='word_1_186' title='bbox 369 3108 574 3169; x_wconf 76' lang='lat' dir='ltr'>praesto</span> <span class='ocrx_word' id='word_1_187' title='bbox 611 3121 817 3171; x_wconf 75' lang='lat' dir='ltr'>semper</span> <span class='ocrx_word' id='word_1_188' title='bbox 853 3111 935 3155; x_wconf 86' lang='lat' dir='ltr'>est</span> <span class='ocrx_word' id='word_1_189' title='bbox 970 3104 1221 3156; x_wconf 80' lang='lat' dir='ltr'>causatio.</span> 
     </span>
     <span class='ocr_line' id='line_1_34' title="bbox 808 3193 1022 3244; baseline 0.005 -1"><span class='ocrx_word' id='word_1_190' title='bbox 808 3193 818 3198; x_wconf 83' lang='grc'><em>“</em></span> <span class='ocrx_word' id='word_1_191' title='bbox 935 3194 1022 3244; x_wconf 85' lang='grc' dir='ltr'>ΙΧ.</span> 
     </span>
     <span class='ocr_line' id='line_1_35' title="bbox 47 3278 1103 3347; baseline 0.002 -17"><span class='ocrx_word' id='word_1_192' title='bbox 47 3278 163 3347; x_wconf 61' lang='lat' dir='ltr'>Ego</span> <span class='ocrx_word' id='word_1_193' title='bbox 201 3279 560 3334; x_wconf 77' lang='lat' dir='ltr'>mediusfidius</span> <span class='ocrx_word' id='word_1_194' title='bbox 596 3281 899 3343; x_wconf 78' lang='lat' dir='ltr'>arbitrabar,</span> <span class='ocrx_word' id='word_1_195' title='bbox 936 3281 1103 3342; x_wconf 81' lang='lat' dir='ltr'>Sosia,</span> 
     </span>
     <span class='ocr_line' id='line_1_36' title="bbox 31 3367 1093 3436; baseline 0.005 -20"><span class='ocrx_word' id='word_1_196' title='bbox 31 3367 191 3421; x_wconf 65' lang='lat' dir='ltr'>socios</span> <span class='ocrx_word' id='word_1_197' title='bbox 228 3384 425 3436; x_wconf 71' lang='lat' dir='ltr'>egenos</span> <span class='ocrx_word' id='word_1_198' title='bbox 462 3370 640 3422; x_wconf 75' lang='lat' dir='ltr'>vivere</span> <span class='ocrx_word' id='word_1_199' title='bbox 674 3372 728 3423; x_wconf 80' lang='lat' dir='ltr'>in</span> <span class='ocrx_word' id='word_1_200' title='bbox 766 3370 1093 3422; x_wconf 79' lang='lat' dir='ltr'>moeroribus</span> 
     </span>
     <span class='ocr_line' id='line_1_37' title="bbox 48 3456 1182 3524; baseline 0.004 -17"><span class='ocrx_word' id='word_1_201' title='bbox 48 3460 103 3507; x_wconf 87' lang='lat' dir='ltr'>et</span> <span class='ocrx_word' id='word_1_202' title='bbox 133 3456 408 3520; x_wconf 73' lang='lat' dir='ltr'>tristitate3</span> <span class='ocrx_word' id='word_1_203' title='bbox 445 3464 498 3511; x_wconf 83' lang='lat' dir='ltr'>at</span> <span class='ocrx_word' id='word_1_204' title='bbox 533 3464 731 3524; x_wconf 78' lang='lat' dir='ltr'>contra,</span> <span class='ocrx_word' id='word_1_205' title='bbox 773 3458 928 3513; x_wconf 76' lang='lat' dir='ltr'>vitam</span> <span class='ocrx_word' id='word_1_206' title='bbox 965 3457 1182 3511; x_wconf 79' lang='lat' dir='ltr'>divitum</span> 
     </span>
     <span class='ocr_line' id='line_1_38' title="bbox 117 3544 1575 3603; baseline -0.002 -4"><span class='ocrx_word' id='word_1_207' title='bbox 117 3554 328 3601; x_wconf 82' lang='lat' dir='ltr'>Comoed.</span> <span class='ocrx_word' id='word_1_208' title='bbox 354 3571 458 3603; x_wconf 82' lang='lat' dir='ltr'>nov.</span> <span class='ocrx_word' id='word_1_209' title='bbox 1503 3544 1575 3596; x_wconf 78' lang='lat'>47</span> 
     </span>
    </p>
   </div>
   <div class='ocr_carea' id='block_1_3' title="bbox 0 3068 31 3918">
    <p class='ocr_par' dir='ltr' id='par_1_3' title="bbox 0 3068 31 3918">
     <span class='ocr_line' id='line_1_39' title="bbox 0 3068 31 3918; baseline 0 -448"><span class='ocrx_word' id='word_1_210' title='bbox 0 3068 31 3918; x_wconf 95' lang='lat' dir='ltr'>    </span> 
     </span>
    </p>
   </div>
  </div>
 </body>
</html>
