2202 3918
294 193 400 247 872

294 337 478 390 Tibius
514 348 782 388 servorum
820 347 1008 383 nomen
1047 331 1167 382 328.

294 405 430 459 τίειν
468 425 570 459 non
608 407 819 458 atticum
859 402 944 454 34.

293 481 572 545 Tigonium
610 475 896 528 meretricis
932 489 1121 523 nomen
1161 469 1284 521 554.
1367 490 1374 496 ·

291 551 556 601 Timarchi
596 563 781 598 nomen
821 546 1127 612 probrosum
1167 543 1232 592 de
1270 541 1568 592 hominibus
1607 538 1918 593 effeminatis
1957 542 2078 593 600.

291 622 554 671 Timocles
591 621 711 671 720.
795 634 797 639 ’

291 692 661 743 Timosthenes
699 697 880 744 auctor
917 689 1091 754 operis
1129 689 1195 737 de
1233 688 1487 754 portubus
1525 687 1645 737 726.

292 778 615 839 τοιχωρυχος
652 766 714 814 ad
754 777 837 813 res
875 776 977 811 non
1016 760 1263 810 animatas
1301 759 1603 810 translatum
1643 758 1765 808 376.

289 829 466 884 τόκων
503 827 652 882 τόκοι
692 836 812 884 322.

288 897 548 970 τράχηλοι
583 920 884 971 πορφυρων
919 906 1042 957 518.

288 973 559 1043 τράχηλον
601 972 918 1026 ἀποκλίνειν
955 976 1217 1026 hominum
1258 974 1672 1025 effeminatorum
1711 974 1831 1023 612.

289 1049 470 1112 tragici
505 1048 691 1097 incerti
728 1063 906 1098 versus
945 1049 1049 1096 694
1087 1063 1166 1110 sq.
1239 1046 1465 1113 tragicus
1501 1046 1729 1096 incertus
1768 1043 1972 1095 emend.
2009 1043 2132 1093 491.

359 1118 586 1195 tragicus
624 1119 853 1168 incertus
891 1119 1027 1183 apud
1068 1118 1348 1167 stobaeum
1387 1133 1457 1166 xl.

287 1179 554 1252 τρόφιμος
592 1189 727 1252 apud
769 1189 1113 1240 Menandrum
1154 1188 1276 1236 300.

286 1256 611 1325 ‘cpvye'pavog
654 1259 737 1309 15.

286 1331 471 1379 tunica
509 1329 738 1379 demissa
777 1335 1127 1379 matronarum
1164 1327 1371 1378 habitus
1416 1326 1535 1376 131.

286 1399 508 1465 Turpilii
551 1401 804 1450 Leucadia
842 1400 961 1449 159.

285 1484 476 1536 τυφειν
511 1485 743 1522 moerore
779 1473 996 1538 afficere
1032 1469 1155 1520 566.

1190 1643 1246 1696 Y.

283 1748 497 1818 ’Υ-μνίς,
536 1749 668 1815 ίδος,
708 1769 894 1804 nomen
936 1753 1201 1818 proprium
1241 1753 1365 1803 211.

286 1820 743 1905 ὑποβινητιῶντα]
770 1817 1037 1890 βρώματα
1075 1824 1281 1871 cibaria
1320 1836 1556 1869 venerem
1593 1819 1895 1868 excitantia
1929 1817 2057 1867 207.
2134 1827 2136 1831 “

284 1891 529 1952 ὑπόπυος
567 1912 661 1959 pro
698 1884 941 1950 ὕποπτος
978 1892 1275 1940 restitutum
1314 1891 1623 1939 scholiastae
1660 1888 1934 1951 Sophoclis
1970 1887 2092 1935 314.

284 1958 630 2024 ὑποστάσεις,
670 1965 894 2014 edulium
935 1962 1055 2011 206.

285 2031 558 2095 ὑπόθεσις
593 2052 687 2103 pro
725 2028 989 2095 ὑποθήκη
1030 2036 1082 2083 et
1119 2031 1303 2082 similia
1341 2030 1461 2080 316.

1183 2206 1245 2259 Z.

287 2321 549 2372 Zenobius
587 2317 708 2368 364.
748 2315 869 2367 656.
909 2317 1013 2365 607
1049 2331 1123 2380 sq.

288 2388 421 2449 Ζεὺς
450 2386 806 2455 Ελευθέριος
844 2389 964 2437 315.

288 2459 422 2521 Ζιὺς
456 2457 711 2539 ἑταιρεῐος
749 2459 869 2509 385.

287 2532 480 2596 ζηλοῦν
518 2545 731 2598 αιρεσιν
760 2531 883 2581 581.
