2202 3918
238 218 343 270 568
1014 213 1320 265 CROBYLl

249 349 555 418 πλεκτάνην
591 355 861 406 collective
899 357 1019 403 sunt
1056 353 1265 403 brachia
1302 356 1627 421 polyporum.
1706 354 1835 404 lbld.
1875 348 1932 401 ἐν
1971 345 2096 401 τού-

248 461 363 506 τοις
398 447 432 497 l.
456 462 502 496 e.
540 444 675 495 inter
712 443 854 492 cibos
892 456 1020 505 quos
1059 441 1108 490 in
1148 443 1518 506 superioribus,
1556 459 1687 507 quae
1733 442 1904 493 omisit
1932 441 2096 492 Athe-

248 548 426 595 naeus,
463 532 956 583 commemoraverat
994 528 1269 594 Crobylus.
1310 560 1377 570 -—
1417 531 1503 581 Vs.
1544 531 1577 579 2
1615 524 1920 597 καπρίσκου
1959 510 2109 577 σκαζ

249 613 502 688 τοφάγου
558 620 838 669 Porsonus.
926 612 1021 664 καὶ
1076 610 1336 683 πρίσκους
1384 614 1716 684 καταφαγοῦ
1767 617 1920 670 BPV.
2004 613 2098 665 καὶ

250 702 584 776 καπρίσκους
620 699 966 775 καταφαγοῦ.

1137 829 1232 880 111.

500 929 792 999 Εἰσῆλθεν
829 929 1130 1004 ἡμίκραιρα
1168 930 1367 1003 τακερὰ
1409 931 1707 1003 δέλφακος·

500 1036 704 1105 ταύτης
738 1038 820 1110 μὰ
856 1037 953 1092 τὸν
989 1034 1084 1091 Δί’
1126 1033 1246 1108 οὐχὶ
1284 1038 1576 1093 κατέλιπον
1615 1036 1673 1090 δ’
1711 1035 1815 1107 ἔχω’

505 1143 685 1202 οὐδέν.
2044 1212 2047 1213 ⁷

399 1254 703 1306 Athenaeus
745 1251 815 1302 lX
854 1267 905 1316 p.
931 1250 1111 1300 38402
1140 1235 1346 1300 ³Hoocv
1384 1248 1440 1301 δὲ
1478 1250 1572 1301 καὶ
1610 1226 1933 1320 ἡμίκραιραι
1972 1249 2106 1301 πολ-

254 1337 348 1393 λαὶ
388 1334 694 1407 δελφάκων.
767 1334 1097 1405 μνημονεύει
1137 1332 1193 1387 δ’
1236 1334 1417 1388 αὐτῶν
1456 1334 1756 1406 Κρώβυλος
1793 1336 1850 1389 ἐν
1896 1336 2106 1389 Ψευδυ-

254 1422 605 1497 ποβολιμαίῳ
644 1418 930 1489 Εἰσῆλθεν
965 1424 1078 1478 κτλ.
1164 1429 1251 1480 Vs,
1291 1431 1323 1479 2
1375 1434 1493 1479 ante
1532 1429 1854 1480 Dindorfium
1892 1420 1947 1493 γ’
1985 1422 2104 1492 ἔχω’.

253 1516 295 1569 Β
344 1513 497 1581 λέγω.
584 1518 660 1567 Ex
713 1517 897 1569 eadem
947 1517 1103 1568 huius
1150 1515 1356 1569 fabulae
1405 1534 1560 1569 scena
1606 1518 1826 1585 petitum
1874 1516 2107 1583 suspicor

55 1662 65 1671 Ν
143 1620 145 1622 ·
255 1603 440 1672 fragm.
477 1604 576 1657 inc.
617 1605 684 1657 11.

761 1860 852 1911 EX
902 1857 1238 1910 INCERTIS
1290 1857 1606 1909 FABULIS.

1164 1999 1204 2048 1.

508 2097 645 2169 Ἐγώ
688 2098 746 2151 δὲ
784 2096 921 2171 πρὸς
956 2097 1027 2152 τὰ
1065 2097 1258 2170 θερμὰ
1296 2095 1475 2152 ταῦθ’
1517 2095 1794 2173 ὑπερβολῇ

515 2205 643 2268 τοὺς
682 2202 984 2270 δακτύλους
1024 2203 1315 2271 δήπουθεν
1347 2202 1592 2267 Ἰδαίους
1630 2203 1748 2275 ἔχω,

459 2336 463 2338 ·
512 2313 607 2366 καὶ
644 2310 743 2366 τὸν
779 2308 1009 2382 λάρυγγ’
1050 2305 1253 2377 ἥδιστα
1291 2313 1467 2383 πυριῶ
1503 2308 1798 2382 τεμαχίοις.

506 2417 579 2471 B.
616 2414 861 2486 κάμινος,
900 2413 998 2469 οὐκ
1035 2414 1356 2488 ἄνθρωπος.
1392 2418 1393 2425 ’

402 2548 702 2602 Athenaeus
742 2548 763 2600 1
802 2565 853 2614 p.
895 2546 998 2599 5f:
1054 2542 1138 2595 Τὰ
1191 2540 1242 2595 δ’
1286 2539 1430 2596 αὐτὰ
1482 2545 1576 2597 καὶ
1614 2544 1737 2615 περὶ
1773 2540 1872 2595 τοῦ
1914 2543 2113 2608 Κυθη-

263 2630 389 2704 ρίου
428 2632 732 2699 Φιλοξένου
770 2632 1053 2703 ἱστοροῦσι
1100 2633 1195 2685 καὶ
1239 2627 1519 2702 Ἀρχύτου
1569 2634 1665 2684 καὶ
1715 2628 1895 2683 ἄλλων
1933 2628 2115 2683 πλειὸ·

263 2738 390 2789 νων,
427 2711 506 2773 ὦν
542 2740 624 2784 τις
662 2717 813 2791 παρὰ
832 2715 1116 2791 Κρωβύλῳ
1153 2719 1227 2792 τῷ
1257 2719 1477 2792 κωμικῷ
1512 2717 1688 2791 φησίν
1724 2715 1860 2786 Ἐγώ
1902 2718 1960 2771 δέ
1996 2720 2109 2774 κτλ.

263 2815 389 2879 Agit
426 2813 724 2864 Athenaeus
771 2812 836 2863 de
884 2811 1217 2863 helluonibus
1264 2811 1496 2862 fervidos
1549 2811 1692 2861 cibos
1731 2794 2111 2861 devorantibus.

178 2914 183 2921 “
267 2899 514 2955 Suidasl
563 2917 614 2965 p.
651 2901 739 2951 94.
791 2893 1067 2959 Ιδαίους.
1118 2895 1382 2966 ψυχροὺς.
1450 2892 1593 2962 Ἐγω
1648 2894 1707 2947 δὲ
1760 2924 1831 2936 —-
1871 2889 2117 2956 Ιδαίους

267 2983 387 3054 ἔχω.
462 2987 607 3038 Idem
646 2989 695 3039 11
732 3005 784 3054 p.
820 2987 957 3039 751·
1008 2979 1372 3054 παραπλήσια
1422 2983 1482 3035 δὲ
1533 2982 1817 3054 ἱστοροῦσι
1854 2983 1956 3034 καὶ
1993 2983 2118 3051 περὶ

260 3070 556 3144 Ἀρχύτου.
628 3073 722 3125 καὶ
761 3068 1063 3143 Κρώβυλος
1108 3069 1283 3143 φησίν
1326 3068 1468 3139 Eyw
1513 3071 1571 3123 δὲ
1610 3107 1676 3115 --
1711 3068 1958 3131 Ἰδαίους
1995 3067 2115 3138 ἔχω.

268 3165 468 3218 Eadem
503 3164 643 3215 idem
683 3164 757 3214 111
795 3181 847 3229 p.
884 3164 1007 3215 471.
1053 3164 1142 3214 ubi
1193 3163 1349 3213 etiam
1396 3163 1606 3213 tertium
1645 3163 1857 3229 Crobyli
1910 3177 2116 3212 versum
2175 3155 2200 3211 1³

269 3252 555 3318 adscripsit.
594 3252 707 3330 Duo
729 3253 928 3318 priores
964 3266 1145 3303 versus
1182 3251 1420 3318 apposuit
1457 3252 1607 3302 etiam
1630 3253 1860 3302 Zonaras
1882 3266 1932 3316 p.
1959 3249 2115 3300 1085.

269 3341 359 3391 Vs.
384 3342 417 3389 2
455 3341 657 3407 digitos
695 3340 884 3389 Idaeos
920 3340 1197 3391 Turnebus
1231 3341 1605 3405 interpretatur
1630 3341 1856 3405 ferreos,
1895 3337 2116 3389 casaub.

268 3429 588 3481 exercitatos
638 3436 692 3480 et
741 3429 946 3491 doct08,
999 3428 1250 3481 Kusterus
1292 3429 1443 3493 ferro
1482 3435 1535 3479 et
1573 3429 1688 3479 aeri
1738 3424 1964 3489 similes,
2018 3426 2118 3478 Lo-
