2202 3918
446 159 461 170 ‘
567 155 820 212 ΓΝΩΜ
823 156 916 211 ΑΙ
957 155 1489 215 ΜΟΝΟΣΤΙΧΟΙ.
1848 167 1955 220 867

98 298 284 366 οὔείις.
364 301 519 357 Vind.
568 303 605 353 8
650 306 710 354 ut
758 302 954 355 editus:
1011 299 1157 354 θεοῦ
1202 298 1306 373 γὰρ
1343 297 1527 363 οὐδεὶς
1569 298 1786 375 εὐτυχεῖ
1825 306 1955 375 βρο-

97 390 211 443 τῶν
259 385 407 441 ἄνευ.
481 391 731 442 Nostrum
779 391 924 443 Stob.
968 393 1082 443 Ecl.
1133 392 1282 460 phys.
1323 409 1373 459 p.
1412 393 1482 442 36
1524 393 1685 444 Heer.
1771 398 1954 449 Paullo

98 483 252 534 aliter
289 480 426 547 apud
468 479 578 529 loh.
619 480 822 547 Lydum
861 481 927 531 de
965 498 1128 532 mene.
1167 498 1219 548 p.
1258 483 1328 532 60
1365 486 1419 532 et
1455 481 1507 531 in
1547 481 1712 532 Boiss.
1754 481 1951 536 Anecd.

98 571 195 637 lp.
220 568 357 618 255:
395 564 541 617 θεοῦ
577 563 686 636 γὰρ
722 566 874 628 ἐκτὸς
909 563 1091 630 οὐδεὶς
1128 563 1344 636 εὐτυχεῖ
1374 565 1605 635 βροτῶν.
1643 601 1712 608 -—
1741 570 1827 620 Vs·
1849 573 1946 621 251

97 673 131 708 e
183 656 450 724 Sophocle
502 657 627 708 citat
682 658 1014 724 Theophilus
1071 659 1135 709 ud
1193 659 1368 711 Autol.
1421 659 1468 708 ll
1521 674 1570 723 p.
1619 658 1687 708 77
1744 665 1956 710 notante

96 745 441 798 Schneidero.
482 775 547 783 ——-
588 745 676 798 Vs.
717 746 823 797 255
860 747 962 814 leg.
1003 743 1176 807 θεῶν,
1213 748 1294 797 vel
1331 742 1477 796 θεοῦ
1514 738 1590 797 δ’.
1631 778 1701 788 —
1739 747 1825 799 Vs.
1851 749 1955 797 256

97 835 308 898 „reddit
354 834 688 900 proverbium
740 828 888 902 ἱερὸν
935 830 968 896 ἡ
1018 828 1335 902 συμβουλή,
1386 836 1453 886 de
1501 849 1603 900 quo
1643 836 1842 885 Zenob.
1886 837 1956 888 lV
2021 846 2028 859 ⁴

94 921 219 971 4⁰?
255 919 565 971 Schneider.
627 922 986 987 Antiquiorem
1026 924 1289 990 proverbii
1328 924 1684 973 auctoritatem
1723 929 1955 989 praesta-

93 1009 173 1060 bit
210 1008 376 1058 Plato.
462 1008 523 1059 V.
563 1009 728 1077 intpp.
772 1012 986 1061 Lucinni
1037 1012 1194 1062 Rhet.
1249 1027 1421 1078 praec.
1476 1011 1539 1060 T.
1584 1011 1657 1061 lll
1699 1029 1746 1078 p.
1787 1014 1838 1062 2.
1883 1039 1958 1048 -—-

92 1097 186 1150 Vs.
213 1097 320 1147 257
355 1089 701 1167 ὑπερβάλλῃς
738 1092 842 1168 βίῳ
880 1115 974 1166 pro
1013 1093 1270 1169 ὑπερέχῃς
1310 1095 1383 1168 τῷ
1419 1093 1522 1167 βίῳ
1561 1100 1677 1150 cod.
1718 1101 1953 1152 Boisson.

94 1185 292 1239 Auecd.
332 1186 354 1235 1
394 1202 444 1251 p.
485 1186 605 1237 155.
680 1215 749 1225 —-
807 1189 896 1242 VS.
936 1188 1041 1239 258
1080 1184 1140 1238 δέ
1176 1181 1229 1253 7'
1271 1189 1516 1238 omittunt
1555 1187 1709 1240 Vind.
1754 1190 1779 1239 1
1820 1193 1874 1240 et
1902 1189 1954 1239 4.

92 1303 169 1322 ,-
214 1274 305 1327 Vn.
343 1274 451 1325 250
497 1282 618 1326 ante
665 1272 973 1326 πλεονέκτει
1017 1276 1114 1327 καὶ
1163 1263 1358 1329 addidi.
1433 1276 1613 1327 Possis
1664 1283 1718 1327 et
1753 1272 1845 1344 μή.
1884 1306 1956 1317 —-

12 1416 26 1433 ι
94 1362 186 1414 νε.
208 1363 309 1412 261
350 1379 446 1428 pro
484 1355 566 1424 ἰὸς
602 1364 719 1415 cod.
761 1364 927 1416 Paris.
968 1366 1105 1432 opud
1144 1367 1309 1417 Boiss.
1348 1365 1546 1416 Anecd.
1589 1366 1609 1416 1
1649 1382 1698 1432 p.
1741 1367 1844 1416 16⁰
1880 1366 1956 1417 vi-

91 1452 227 1501 tiose
272 1445 412 1500 ἴσον.
485 1481 556 1491 -
631 1453 720 1503 νε.
759 1455 865 1504 262
915 1455 1012 1504 nisi
1047 1455 1255 1520 gravior
1290 1454 1589 1519 corruptela
1625 1454 1771 1515 latet,
1810 1459 1956 1505 certe

88 1535 210 1589 ἐστὶ
249 1555 343 1606 pro
382 1534 473 1587 ἐπὶ
510 1540 808 1605 legendum.
887 1571 950 1579 —
1030 1545 1135 1612 Vs.
1163 1544 1267 1592 264
1315 1541 1430 1591 cod.
1481 1537 1619 1601 κακὴ
1660 1549 1780 1593 ante
1818 1539 1954 1607 γυνὴ

91 1628 306 1691 inserit,
342 1635 397 1678 et
424 1645 518 1695 pro
561 1623 723 1699 ὀργῇ,
763 1629 902 1694 quod
941 1630 1264 1687 Schneidero
1305 1629 1554 1692 debetur,
1602 1629 1762 1680 habet
1800 1623 1972 1697 &pyris

88 1717 274 1768 Delevi
300 1711 459 1778 κακή.
496 1749 566 1759 —·
585 1718 672 1770 Vs.
693 1718 800 1767 208
835 1719 950 1769 cod.
974 1710 1009 1768 ι’.
1033 1712 1086 1770 α’.
1109 1712 1368 1767 νοσοῦντι
1388 1709 1557 1765 πάλιν
1582 1713 1755 1777 νόσος.
1801 1721 1954 1786 Apud

87 1807 255 1858 Boios.
295 1807 438 1858 An.1
478 1823 530 1874 p.
554 1807 656 1856 156
695 1803 848 1856 ἐστὶν
884 1804 974 1856 ἐπὶ
1013 1806 1079 1878 τῇ
1119 1801 1264 1875 νόσῳ
1302 1799 1485 1864 νόσος.
1526 1807 1766 1858 Correxit
1787 1807 1952 1859 Boise.

87 1922 162 1933 -
194 1896 284 1949 νε.
321 1897 431 1946 278
469 1896 622 1948 Vind.
660 1896 696 1945 4
732 1880 814 1965 ᾗς.
886 1896 1038 1962 Apud
1078 1897 1245 1947 Boios·
1286 1898 1383 1947 An.
1427 1896 1446 1945 1
1486 1914 1534 1962 p.
1568 1897 1670 1946 156
1711 1892 1955 1946 δυνατὸν

88 1968 141 2055 ᾗ.
179 2011 252 2020 -
300 1983 390 2035 Vc.
430 1986 537 2035 282
587 1987 662 2035 ito
698 1983 877 2035 Guelf.
918 1988 972 2034 et
1010 1985 1161 2036 vind.
1201 1985 1252 2035 3.
1328 1987 1396 2036 At
1438 1984 1591 2036 vind.
1633 1986 1660 2034 1
1715 2002 1811 2051 pro
1846 1981 1951 2053 χρὴ

89 2067 311 2122 σιωπᾶν
354 2071 516 2122 hebet
563 2064 746 2131 οὐδεὶς
790 2068 1026 2120 ἐσκοπεῖ.
1100 2073 1244 2123 Fort.
1284 2069 1459 2121 κακοῦ
1491 2069 1812 2139 μεταβολὴν
1849 2065 1954 2121 ἄν-

91 2157 223 2228 δρὸς
258 2152 326 2209 οὐ
356 2156 463 2226 χρὴ
500 2156 845 2227 προσδοκᾶν,
891 2160 976 2209 vel
1027 2158 1199 2209 κακοῦ
1234 2156 1338 2229 γὰρ
1384 2155 1586 2228 ἀνδρὸς
1633 2158 1954 2228 μεταβολὴν

90 2243 274 2307 οὐδεὶς
294 2246 500 2298 σκοπεῖ.
539 2281 610 2290 --
649 2248 741 2300 Vs.
762 2249 872 2298 200
906 2250 1045 2314 apud
1064 2249 1346 2300 Stobaeum
1369 2251 1473 2301 Tit.
1496 2251 1716 2301 XXXlll
1757 2268 1806 2318 p.
1833 2253 1950 2302 130.

89 2338 399 2390 Philonidae
462 2336 723 2386 tribuitur.
811 2336 968 2388 vind.
1018 2338 1053 2387 4
1100 2334 1317 2403 μᾶλλον
1363 2356 1458 2406 pro
1509 2335 1677 2391 ἐστίν.
1762 2341 1952 2391 Editus

86 2441 302 2478 venun
338 2425 583 2492 κρεῖττον
620 2420 839 2474 σιωπᾶν
874 2417 911 2487 ἢ
949 2422 1135 2475 λαλεῖν
1173 2419 1214 2475 c‘e'
1241 2426 1320 2494 μὴ
1359 2426 1569 2497 πρέπει.
1608 2460 1677 2468 --
1717 2429 1805 2480 Vs.
1845 2429 1952 2479 295

85 2516 379 2567 Bmuckius
427 2512 486 2580 γέ
534 2530 629 2581 pro
679 2507 760 2565 τό.
845 2514 1028 2566 Malim
1076 2531 1145 2565 τι.
1220 2517 1385 2568 Aldus
1437 2514 1510 2568 δέ.
1572 2547 1635 2554 -
1713 2517 1804 2570 Vs.
1845 2519 1952 2568 290

85 2603 243 2658 vind.
283 2604 312 2653 l
351 2609 405 2654 et
440 2603 475 2653 3
524 2599 697 2651 καλὸν
735 2598 798 2651 τὸ
834 2598 912 2668 μὴ
950 2600 1062 2665 ζῆν.
1138 2605 1255 2658 vid.
1301 2607 1516 2657 Philem.
1560 2607 1664 2656 lnc.
1709 2607 1827 2656 109.
1879 2634 1950 2642 ——

87 2692 307 2746 v·.207
345 2691 609 2758 Aeschylo
650 2692 829 2741 tribuit
865 2692 1202 2745 Stoh.Serm.
1233 2695 1301 2744 20
1341 2713 1392 2762 p.
1420 2697 1539 2746 127.
1576 2696 1662 2746 ubi
1700 2692 1949 2762 γέροντα,
2041 2686 2047 2693 “

84 2797 189 2832 non
226 2778 459 2848 γέροντι.
501 2781 601 2831 Pro
641 2774 794 2844 σοιγὰ
831 2781 984 2832 vind.
1025 2782 1049 2831 l
1094 2789 1147 2832 et
1187 2783 1304 2835 Ald.
1344 2780 1586 2850 σφόδρα.
1629 2813 1688 2821 —-
1736 2786 1821 2836 Vs.
1842 2784 1949 2834 208

84 2870 280 2922 inserui
317 2862 440 2936 γάρ,
479 2876 535 2919 ut
573 2869 738 2919 voluit
774 2869 1112 2921 Schael'erus.
1188 2872 1341 2938 Apud
1383 2873 1547 2924 Boise.
1588 2872 1727 2923 An.1
1770 2890 1820 2939 p.
1847 2873 1948 2922 150

85 2953 295 3028 καρπὸς
330 2950 526 3025 ἀρετῆς
565 2954 776 3018 δίκαιος
812 2952 1071 3018 εὔτακτος
1109 2958 1245 3024 βίος.
1326 2994 1394 3002 --
1456 2963 1525 3011 Vs
1579 2963 1686 3012 209
1724 2977 1825 3012 non
1868 2967 1949 3011 est

47 3042 285 3114 'antiqui
337 3056 523 3114 poetae
571 3063 768 3099 versuo.
828 3078 895 3089 —
972 3050 1062 3100 νε.
1102 3051 1207 3099 300
1261 3051 1566 3117 Antiphontis
1619 3066 1799 3101 versus
1849 3058 1946 3102 est.

87 3135 150 3189 V.
189 3137 287 3187 vol.
330 3137 403 3187 ΙΙΙ
450 3154 499 3202 p.
536 3136 626 3187 53.
701 3168 761 3178 -—
827 3136 915 3188 Vn.
955 3138 1055 3187 301
1105 3138 1252 3189 vind.
1291 3140 1325 3187 3
1370 3138 1532 3208 κέρδη
1581 3132 1816 3205 πονηρά.
1876 3169 1945 3179 --

86 3222 300 3276 me
337 3226 475 3291 opud
517 3225 682 3275 Boion.
722 3226 918 3276 Anecd.
961 3225 979 3274 l
1022 3226 1187 3291 p.150
1227 3225 1439 3295 πέφυκε
1470 3223 1574 3298 ῥίῳ
1611 3223 1747 3293 γυνή
1787 3221 1944 3289 κακή.

85 3337 153 3349 -·
202 3311 294 3365 Vc.
332 3314 440 3364 8⁰6
492 3313 608 3365 Ald.
657 3306 781 3362 κατ’
825 3306 979 3361 ι’ὄίαν
1029 3307 1318 3381 φρόνησιν.
1409 3317 1658 3370 Nostrum
1706 3317 1944 3383 praebuit

86 3397 300 3454 vinda
334 3402 560 3454 Bruuck.
581 3410 870 3468 praeeunte
891 3403 1076 3454 Grotio
1114 3402 1260 3454 dedit
1298 3395 1454 3454 ἰδίαν
1487 3401 1633 3455 κατὰ
1670 3421 1763 3473 φρ.
1803 3404 1943 3470 quod
