2202 3918
667 201 951 256 ΕΓΚΑΛ
959 199 1065 254 ΥΠ
1068 198 1243 256 TOM
1245 202 1349 255 EN
1352 200 1463 257 ΟΣ.
1887 212 1988 263 461
2042 259 2047 263 ,

283 352 584 406 Athenaeus
638 348 709 400 lx
757 365 807 416 p.
847 348 954 399 403
975 365 1033 399 e:
1090 346 1142 398 τί
1197 343 1451 398 τοιοῦτον
1505 345 1713 417 ἐξεῦρεν
1759 346 1789 401 ὁ
1841 348 1994 420 παρὰ

142 434 474 509 Ἀναξίππῳ
511 442 562 503 *)
606 431 682 507 τῷ
727 435 944 508 κωμικῷ
979 431 1263 506 μάγειρος,
1311 430 1372 496 ὃς
1410 433 1469 486 ἐν
1507 433 1580 506 τῷ
1611 429 1992 503 Ἐγκαλυπτο·

143 527 289 599 μένῳ
324 522 513 578 τοιάδε
549 520 848 593 ὠγκώσατο
885 520 1097 594 Σόφων
1130 524 1245 576 κτλ.
1341 527 1429 578 Vs.
1471 527 1497 575 1
1538 518 1745 593 Σόφων
1777 522 1992 598 Ἀκαρ-

143 611 264 667 νόν.
337 619 441 669 Hic
467 616 798 668 nobilissimis
826 616 949 666 artis
988 616 1318 682 coquinariae
1356 615 1652 665 auctoribus
1689 628 1993 670 accensetur

146 723 178 759 a
215 709 421 758 Batone
462 705 599 773 apud
638 705 827 757 Athen.
849 704 972 756 XlV
1011 721 1059 770 p.
1078 706 1182 754 662
1204 720 1248 757 c.
1287 711 1341 756 et
1381 705 1596 755 Polluce
1635 702 1705 755 V1
1745 704 1831 755 70.
1902 707 1994 756 Cfr

143 796 347 859 suidas,
397 787 687 861 Zocpwv:
741 787 924 857 ὄνομα
958 788 1241 861 μαγείρου,
1282 809 1342 845 ex
1381 792 1744 844 emendatione
1784 792 1992 858 Toupii.

141 916 208 926 --
250 886 343 937 Vs.
380 885 414 934 4
462 874 839 948 θρυλούμενα,
877 898 976 932 usu
1012 883 1182 943 trita,
1226 898 1357 947 quae
1396 882 1568 948 paullo
1607 881 1772 930 rarior
1811 887 1889 931 est
1927 883 1994 931 si-

141 971 422 1038 gnificatio.
498 969 594 1020 Cfr
630 969 953 1036 Antiphanes
992 969 1096 1020 fab.
1136 969 1238 1020 inc.
1271 970 1393 1022 XIV
1431 971 1482 1020 2.
1548 998 1609 1005 —·
1678 970 1765 1020 vs.
1806 970 1839 1019 6
1877 970 1996 1019 libri

139 1053 338 1110 θυίαν.
412 1058 908 1129 „interpraecipua
945 1058 1149 1109 culinae
1186 1058 1529 1107 instrumenta
1564 1064 1643 1108 est
1682 1057 1995 1118 mortarium,

139 1148 260 1211 „ad
318 1147 496 1198 intrita
554 1154 606 1198 et
668 1148 1016 1199 condimenta.
1110 1146 1215 1197 Sed
1269 1147 1347 1197 illi
1405 1148 1550 1197 novis
1606 1144 1830 1196 inventis
1887 1147 1995 1197 suis

146 1235 440 1300 „effecisse
477 1236 720 1287 dicuntur
756 1254 823 1288 ne
862 1254 925 1289 eo
963 1253 1095 1304 opus
1132 1242 1272 1288 esset
1309 1236 1578 1302 amplius.'’
1641 1234 1995 1312 Casuubonus.

141 1356 212 1366 —
261 1326 349 1378 Vs.
388 1327 421 1375 9
471 1317 640 1374 πάντ’
681 1319 913 1393 ἀφεῖλον
962 1327 1230 1378 Dobrueus
1281 1326 1409 1378 Adv.
1452 1325 1499 1375 11
1540 1342 1590 1391 p.
1631 1325 1751 1376 323.
1827 1325 1997 1391 Vulgo

143 1406 329 1463 πάντα
366 1410 547 1483 φίλων
581 1409 664 1467 τό.
752 1418 855 1467 Pro
895 1409 1073 1483 φίλων
1113 1417 1153 1465 Ι)
1193 1415 1330 1481 apud
1370 1413 1748 1467 Villebrunium
1789 1410 1995 1482 φ-λον.

143 1501 380 1570 Tonpius
427 1505 652 1556 Emend.
694 1505 771 1555 111
809 1522 859 1571 p.
900 1505 1003 1553 170
1053 1505 1378 1570 proponebat
1424 1498 1618 1568 ἐχρᾶτο
1665 1495 1830 1551 πάντ’
1871 1497 1996 1564 ἡλί-

141 1588 281 1639 θιον
334 1586 482 1640 εἶναι’
536 1586 611 1641 θ’
673 1586 971 1655 ὑπέλαβον.
1045 1617 1112 1627 —-
1189 1592 1277 1642 V.s
1333 1591 1367 1638 8
1425 1590 1637 1655 respicit
1693 1592 1998 1643 Eustathius

139 1696 191 1746 p.
231 1680 372 1730 1257
410 1681 506 1731 34.
554 1676 764 1750 κυμίνω
819 1678 914 1729 καὶ
950 1672 1060 1741 ὄξει
1096 1677 1192 1727 καὶ
1230 1672 1432 1747 orl-(plo)
1470 1677 1565 1726 καὶ
1599 1673 1868 1748 κοριάννω
1903 1680 1999 1730 καὶ

140 1767 257 1828 τοῖς
293 1763 591 1831 τοιούτους,
630 1763 671 1819 α’
704 1765 772 1832 δὴ
813 1761 1107 1836 ἀρτύματα
1145 1762 1388 1866 Κρόνου
1399 1763 1690 1828 παίζοιται
1726 1764 1870 1817 εἰναι
1930 1803 1996 1812 -

146 1858 237 1909 Vs.
277 1859 346 1908 lo
391 1853 491 1908 τὸν
529 1858 641 1919 τοῖς
677 1860 787 1912 AV.
865 1854 972 1906 τῶν
1018 1854 1128 1916 τοῖς
1170 1857 1228 1908 Ρ.
1308 1852 1402 1906 τὸν
1442 1858 1584 1906 τοῖσι
1625 1859 1679 1907 L.
1758 1857 1996 1924 Toupius

141 1947 355 1998 aoloece
403 1942 503 1997 τὸν
555 1947 700 1999 τοῖσι
749 1940 979 2007 τούτοις.
1053 1947 1352 1998 Dindorfius
1401 1942 1495 1996 τόν
1545 1945 1656 2006 τοῖς
1709 1940 1994 2007 τοιούτοις,

144 2035 283 2102 quod
321 2043 574 2102 sequutus
611 2054 742 2087 sum.
820 2037 957 2086 Tum
995 2028 1368 2096 παντοπώλην
1405 2036 1511 2088 AP.
1588 2036 1753 2101 Vulgo
1793 2051 1998 2086 παντο-

146 2116 374 2183 πάλαις·
445 2154 520 2167 -
593 2126 681 2178 Vs.
722 2126 785 2175 11
849 2118 1064 2187 ἔλαιον]
1125 2125 1165 2173 Ρ
1215 2117 1385 2172 ἔλαιο.
1459 2124 1694 2189 Toupius
1734 2119 1886 2173 ἐλεόν
1923 2141 1997 2187 τε,
2091 2170 2093 2173 .
2174 2110 2177 2115 ⁴

144 2228 248 2264 nou
295 2212 562 2263 intellecta
610 2213 712 2263 loci
762 2214 1047 2274 sententia,
1097 2228 1230 2277 quae
1282 2212 1413 2262 haec
1453 2217 1530 2261 est
1567 2219 1624 2261 ut
1662 2230 1754 2278 pro
1795 2215 1997 2267 acribus

142 2300 256 2351 istis
294 2301 524 2366 priorum
565 2316 851 2365 coquorum
891 2301 1236 2351 condimentis
1285 2301 1361 2349 illi
1400 2300 1517 2349 oleo
1556 2300 1698 2352 cibos
1738 2304 1996 2355 condiisse

146 2389 399 2439 dicantur.
476 2389 591 2439 Nisi
628 2388 767 2439 forte
807 2388 911 2439 olei
949 2403 1100 2438 usum
1140 2388 1266 2437 dicit
1305 2402 1451 2450 eum,
1506 2403 1660 2453 quem
1711 2393 1866 2441 iactat
1908 2409 1995 2442 co-

143 2490 275 2542 quus
323 2475 461 2543 apud
498 2477 848 2528 Archedicum
888 2477 1048 2527 Thes.
1090 2476 1129 2538 l,
1168 2474 1219 2527 5.
1296 2477 1400 2526 Pro
1453 2473 1652 2537 καινὴν
1699 2481 1874 2530 nescio
1929 2498 1991 2532 an

141 2559 304 2625 κενὴν
338 2570 583 2632 praestet.
624 2597 693 2605 —
733 2567 822 2619 Vs.
847 2565 913 2616 16
950 2558 1314 2632 ἀνεκάθηραν
1334 2567 1392 2616 C.
1433 2559 1803 2632 ἀνεκαθαραν
1843 2570 1998 2622 PVL.'

145 2648 274 2713 τοὺς
319 2646 525 2720 πόρους
574 2655 696 2706 dicit
746 2670 935 2715 venas,
981 2661 1038 2704 ut
1087 2654 1412 2705 Damoxeuus
1462 2656 1744 2723 Syntroph.
1783 2659 1882 2708 29:
1921 2649 1997 2719 εἰς

139 2738 268 2802 τοὺς
318 2736 521 2809 πόρους
574 2736 605 2791 ό
653 2739 830 2808 χυμὸς
883 2736 1105 2808 ὁμαλοῦς
1176 2741 1465 2808 πανταχοῦ
1517 2739 1864 2795 συνίσταται.
1922 2774 1992 2784 ——-

142 2832 236 2884 Vs.
275 2831 345 2881 18
396 2831 554 2881 verba
602 2823 737 2896 μάλ’
777 2823 1021 2891 εἰκότως,
1072 2847 1204 2897 quae
1257 2832 1390 2882 mule
1439 2833 1693 2883 intellexit
1730 2833 1993 2902 Schweig-

142 2919 429 2972 haeuser-us
465 2927 672 2971 vertens
695 2923 940 2971 meritum
978 2920 1106 2971 tulit
1136 2922 1452 2988 praemium,
1492 2922 1619 2972 nihil
1659 2938 1847 2974 causae
1884 2933 1995 2976 erat

143 3022 237 3059 cur
290 3009 440 3059 alteri
489 3009 846 3059 interlocutori
898 3010 1267 3059 tribuerentur.
1362 3011 1476 3060 Non
1535 3011 1822 3062 mirandum
1879 3029 1995 3064 esse

145 3097 271 3147 dicit
322 3097 584 3147 bominem
642 3098 844 3148 lenibus
900 3098 1212 3163 minimeque
1279 3098 1484 3149 acribus
1538 3100 1664 3150 cibis
1722 3102 1992 3153 adsuetum

145 3187 310 3235 muria
348 3191 469 3251 pota
507 3192 762 3236 mortuum
804 3204 937 3238 esse.
1022 3189 1266 3238 Fortasse
1312 3168 1484 3238 autem
1534 3189 1583 3239 in
1631 3188 1777 3240 initio
1815 3206 1993 3242 versus

145 3274 387 3340 ponenda
424 3281 559 3325 sunt.
618 3306 684 3314 —-
745 3275 830 3328 Vs.
867 3277 932 3327 21
976 3271 1271 3342 φιλοσοιμῦ
1308 3277 1459 3329 ABG.
1510 3273 1798 3345 ([,ιλόσοφα
1840 3279 1991 3331 PVL.

261 3463 300 3516 ·)
333 3436 530 3504 unia.
566 3463 660 3504 crit.
695 3477 734 3518 ρ.
766 3462 869 3504 470.
