2202 3918
739 246 805 262 ···
873 196 1230 297 ΓΝΩιιιᾈι.

786 380 1300 438 ΜΕΝΑΝΔΡΟΣ.

252 483 405 542 Νίκα
442 485 668 542 σιωπῶν
702 484 804 542 τὸν
836 485 1016 560 νόμον
1051 491 1149 543 καὶ
1181 484 1477 560 μάνθανε·

249 576 359 649 πρὸ
394 577 495 631 τοῦ
528 579 747 648 μαθεῖν
781 577 859 653 τῷ
894 574 1049 651 νόμῳ
1085 575 1514 651 προλαμβάνεις.

818 690 1274 748 ΦιΛιΣΤιΩΝ.
1431 660 1433 662 ’

250 777 445 852 Νόμος
481 781 796 851 φυλαχθεὶς
832 777 999 834 οὐδέν
1036 780 1188 835 ἐστιν
1224 778 1261 846 ἢ
1300 778 1488 853 νόμος,

251 866 282 923 ὁ
315 868 396 941 μὴ
432 870 750 942 φυλαχθεὶς
783 870 881 924 καὶ
915 865 1088 941 νόμος
1123 871 1219 923 καὶ
1255 869 1471 954 δήμιος.

790 982 1303 1039 ΜΕΝΑΝΛΡΟΣ.
1479 969 1481 971 ’

142 1074 215 1127 ⁸5
251 1068 496 1139 Πόντου,
531 1068 808 1144 γυναικός,
844 1070 1106 1148 κρίματα,
1144 1069 1345 1149 θηρός,
1383 1069 1557 1145 πυρός

244 1158 550 1236 χειρότερός
586 1163 738 1218 ἐστιν
775 1158 806 1218 ὁ
842 1159 1122 1235 προδότης
1157 1162 1272 1216 τῶν
1308 1160 1507 1236 φίλων.

543 1334 545 1336 ,
821 1275 1274 1334 ΦΙΛΙΣΤΙΩΛΤ.

240 1360 362 1420 ”Av
392 1364 472 1437 μὴ
510 1362 832 1438 δυνάμενος,
867 1366 1083 1420 ἐθέλων
1119 1367 1178 1420 δὲ
1216 1363 1445 1442 βλάψῃς
1479 1366 1665 1440 φίλου,

252 1455 350 1508 καὶ
384 1454 465 1526 μὴ
501 1453 806 1528 δυνάμενος
840 1457 938 1509 καὶ
973 1456 1166 1510 θέλων
1202 1454 1367 1531 πείσῃ
1400 1454 1593 1514 κακόν.

788 1570 1306 1624 ΜΕΝΛΝΔΡΟΣ.
1555 1647 1570 1655 -

250 1653 327 1712 ‘0
359 1657 438 1730 μή
477 1657 704 1724 δικαίως
737 1657 883 1712 κατὰ
918 1656 1100 1730 φίλων
1137 1658 1312 1725 ζητῶν
1346 1656 1536 1727 κακόν,

31 1751 34 1765 ⁵
122 1745 221 1803 '4⁰
256 1743 427 1814 αὐτὸς
462 1746 771 1821 προπάσχει
810 1746 912 1802 τοῦ
947 1745 1122 1802 κακοῦ
1157 1745 1260 1813 τὴν
1298 1744 1551 1819 ἔκβασιν.

826 1860 1282 1919 ΦΙΛΙΣΤΙΩΝ.
1355 1856 1357 1858 ’

243 1947 599 2026 Ἀνθρωπος
634 1947 715 2006 ὢν
748 1951 1025 2024 μηδέποτε
1062 1948 1211 2005 καθ’
1253 1949 1437 2023 ἑτέρου
1467 1947 1642 2010 κακόν

259 2038 461 2107 ἀδίκως
497 2040 782 2118 φρονήσῃς
804 2061 815 2073 ·
855 2038 889 2105 ἡ
930 2038 1055 2106 δίκη
1092 2035 1197 2112 γᾰρ
1234 2036 1425 2095 πάνθ’Ι
1463 2039 1588 2118 ὁρᾷ.

790 2152 1305 2210 ΜΕΝΑΝΔΡΟΣ.

256 2239 399 2298 Ἐὰν
433 2243 682 2316 πονηροῦ
712 2242 965 2313 γείτονος
1001 2242 1197 2313 γείτων
1234 2240 1350 2315 ἔσῃ,

260 2329 481 2396 πάντως
516 2333 732 2386 παθεῖν
768 2331 1016 2404 πονηρὸν
1052 2327 1089 2397 ἢ
1125 2332 1346 2401 μαθεῖν
1382 2349 1444 2386 σε
1481 2331 1581 2387 δεῖ.

822 2443 1282 2500 ΦΙΛΙΣΤΙΩΝ.

152 2536 226 2590 45
255 2528 530 2604 Ἀγαθοῦ
566 2529 814 2602 γείτονος
850 2531 922 2587 ἄν
958 2552 1092 2588 ποτε
1126 2533 1328 2605 γείτων»
1358 2531 1475 2610 ἔσῃ,

256 2620 329 2688 ὥς
366 2620 727 2697 προδιδάσκει
762 2620 998 2693 ἀγαθὸν
1032 2620 1452 2696 προσλάμβανε.

793 2736 1311 2793 ΜΕΝΑΝΔΡΟΣ.

261 2822 448 2890 ,Αὐτὸς
485 2820 817 2882 ἀδικεῖσθαι
856 2827 1073 2899 μᾶλλον
1108 2822 1145 2893 ἢ
1183 2821 1393 2881 ἀδικεῖν
1428 2827 1593 2881 θέλε·

252 2917 463 2988 μέμψει
499 2912 603 2988 γὰρ
638 2910 855 2981 ἄλλους,
893 2913 1017 2989 οὐχὶ
1046 2913 1376 2991 μεμᾳθήσῃ
1411 2916 1469 2971 δὲ
1507 2914 1594 2971 σύ.

828 3031 1284 3087 ΦΙΛΙΣΊῚΩΝ.

257 3114 429 3184 Δίκην
464 3114 773 3192 φυλάσσου,
810 3118 914 3175 κᾶν
950 3121 1177 3185 δικαίως
1213 3121 1434 3199 ἐγκαλῇ.

149 3206 221 3261 5⁰
253 3210 570 3280 μετέρχεται
607 3208 669 3262 τὸ
707 3208 925 3266 δίκαιον
961 3206 1039 3276 είς
1076 3206 1419 3278 πλεονεξίαν.

791 3326 865 3379 M
869 3327 1030 3380 ENA
1033 3327 1087 3379 Ν
1087 3328 1133 3380 Δ
1138 3326 1191 3379 Ρ
1193 3325 1306 3380 ΟΣ.

256 3405 403 3465 Ἕάν
438 3412 604 3477 πένης
633 3399 715 3486 ᾖς,
753 3411 970 3477 δίκαιος
1006 3403 1057 3466 εἶ
1088 3410 1365 3484 κάγαθός.

265 3493 379 3571 εἰμὶ
419 3498 632 3564 δίκαιος
667 3496 703 3568 ἢ
738 3500 946 3575 γὰρούκ
983 3500 1056 3556 ἄν
1089 3492 1157 3569 ἦς
1196 3503 1383 3568 πένης.

195 3598 407 3647 Comoed.
437 3617 539 3647 nov.
1576 3592 1647 3643 22
