2202 3918
281 236 386 287 804
1011 230 1389 282 MENANDRI

424 378 669 428 Amorem
709 374 884 440 inopia
924 373 1116 423 nummi
1156 372 1319 435 sedat,
1360 376 1448 422 aut
1482 371 1664 424 fames.

423 462 692 514 Modestia
719 467 799 512 est
834 461 1086 514 servanda
1123 461 1364 511 coenanti
1402 459 1548 510 forie.

423 553 590 603 Nemo
627 550 896 601 maleficus
934 565 992 599 se
1029 548 1226 599 fatetur
1264 549 1575 599 maleficum.

425 640 448 667 *
487 638 570 691 Ad
606 639 780 689 ebrios
817 639 873 699 it,
909 654 1011 689 non
1049 637 1115 686 ad
1148 637 1453 703 impransos,
1495 637 1692 687 Venus.

285 727 388 777 160
426 729 447 757 *
490 726 671 777 insunt
706 727 929 777 modesti
970 742 1142 776 mores
1180 727 1333 776 etiam
1372 724 1596 775 mulieri.

423 815 522 870 Vix
558 814 868 865 feminarum
904 815 956 865 in
993 830 1188 881 genere
1223 814 1454 879 reperias
1492 813 1670 864 fidem.

421 893 709 954 Perhibere
749 918 871 952 vera
906 918 1113 969 semper
1149 902 1432 968 ingenuum
1471 901 1642 951 decet.

425 991 582 1042 Multi
619 990 769 1041 bonis
803 991 857 1041 in
895 991 1053 1042 rebus
1090 990 1226 1040 haud
1263 990 1470 1055 sapiunt
1506 990 1656 1040 bene.

423 1078 601 1129 Minus
641 1079 858 1142 dolebis,
896 1095 997 1145 quo
1035 1078 1269 1129 hostibus
1306 1077 1491 1127 credes
1530 1072 1748 1128 minus(

286 1163 391 1216 165
428 1165 649 1216 Habebo
686 1167 897 1230 amicos,
939 1169 982 1240 si
1020 1167 1251 1217 habuero
1291 1167 1581 1231 pecuniam.

425 1254 450 1282 *
490 1253 733 1305 Inimicus
769 1255 926 1305 homo
965 1254 1037 1305 nil
1073 1269 1299 1319 unquam
1337 1258 1562 1320 praestat
1599 1253 1745 1304 utile.

429 1342 710 1394 Taciturna
746 1335 902 1394 facile
938 1343 1145 1409 ingenia
1183 1342 1444 1393 contemni
1482 1342 1670 1392 solent.

424 1432 574 1483 Unus
611 1430 838 1482 familiae
875 1447 1056 1482 servus
1091 1432 1205 1497 ipse
1243 1431 1373 1480 adeo
1412 1436 1492 1481 est
1529 1430 1705 1481 herus.

427 1519 690 1571 Inscitiam
729 1521 920 1570 etenim
958 1521 1115 1571 vincit
1153 1519 1489 1586 experientia.

288 1606 392 1657 170
428 1608 640 1660 Cunctis
677 1609 927 1659 memoria
967 1615 1044 1659 est
1082 1609 1235 1670 fluxa,
1274 1607 1389 1673 quis
1422 1606 1616 1658 factum
1655 1607 1788 1658 bene
1826 1611 1919 1659 est.

429 1698 453 1770 *ᾖ
490 1697 735 1749 Nonnulli
773 1697 995 1747 oderunt
1031 1697 1161 1747 adeo
1202 1698 1467 1749 beneficos
1505 1697 1619 1747 sibi.

426 1786 629 1836 Maiora
665 1785 872 1852 perdes,
911 1785 1119 1835 minima
1156 1784 1209 1834 ni
1245 1785 1546 1835 servaveris

429 1873 669 1924 Mortalis
706 1889 864 1938 quum
901 1873 987 1934 sis,
1025 1873 1160 1923 intra
1197 1873 1466 1923 mortalem
1503 1889 1645 1938 sape.

430 1962 566 2028 Opta
602 1962 793 2027 aliquid
829 1961 1047 2011 habeas:
1086 1960 1174 2025 qui
1211 1960 1384 2021 habet,
1421 1961 1466 2008 is
1502 1965 1556 2008 et
1596 1959 1790 2010 amicos
1826 1959 2001 2011 habet.

291 2048 394 2102 175
430 2050 629 2110 Amice,
667 2065 768 2100 non
808 2048 1054 2114 sapientis
1093 2054 1172 2098 est
1209 2063 1298 2097 res
1336 2047 1615 2117 temeritas.

432 2138 612 2204 Magni
651 2143 730 2188 est
766 2137 958 2187 laboris
997 2136 1240 2202 quicquid
1282 2141 1360 2187 est
1398 2136 1603 2201 pulchri
1642 2135 1859 2203 uspiam.

430 2228 561 2278 Esto
599 2241 777 2292 opere,
816 2241 918 2276 non
958 2241 1198 2276 sermone
1235 2225 1346 2275 solo
1385 2224 1687 2275 industrius.

431 2319 453 2345 *
494 2314 720 2365 Difficile
757 2314 967 2364 inventu
1006 2320 1086 2364 est
1121 2314 1331 2374 iustum,
1368 2313 1455 2362 ubi
1492 2314 1583 2363 ubi
1621 2314 1954 2379 quaesiveris.

430 2405 454 2430 *
490 2401 722 2453 Iustitiae
760 2408 840 2452 est
877 2403 1087 2452 oculus:
1124 2403 1168 2452 is
1205 2402 1334 2451 nihil
1374 2417 1475 2451 non
1513 2403 1778 2468 perspicit.

288 2492 392 2542 180
431 2492 453 2519 *
489 2491 704 2542 Miseria
741 2490 891 2540 amici
928 2490 1054 2540 mihi
1085 2505 1329 2555 suprema
1366 2494 1446 2538 est
1484 2490 1707 2539 miseria.

428 2580 450 2607 ⁸
491 2580 683 2644 Magna
720 2584 1020 2628 ornamenta
1057 2583 1279 2643 pereunt
1315 2582 1529 2642 propter
1566 2577 1828 2630 mulieres.

428 2669 452 2696 *¹
491 2667 742 2733 Voluptas
780 2667 950 2731 aliqua
986 2662 1130 2716 inest
1158 2665 1241 2714 vel
1278 2664 1582 2718 infortunio.

430 2756 454 2783 *¹
493 2755 780 2806 Concinnat
816 2755 986 2805 luctus
1024 2752 1346 2818 suspicacem
1386 2761 1439 2804 et
1477 2756 1702 2807 miseria.

429 2844 631 2910 Nempe
668 2848 747 2893 est
784 2843 1015 2908 voluptas
1053 2846 1215 2891 mater
1250 2840 1537 2893 infortunii.

291 2930 392 2983 185
427 2929 451 2956 *
488 2930 788 2992 Eunuchus,
827 2930 924 2980 alia
961 2930 1115 2980 vitam
1153 2944 1399 2995 spurcans
1438 2931 1616 2982 bestia.

433 3020 590 3071 Vives
622 3020 773 3081 bene,
811 3019 855 3069 si
892 3018 963 3068 sis
1002 3034 1193 3069 vacuus
1231 3020 1511 3071 iracundia.

429 3107 548 3173 'ribi
585 3108 792 3158 studeto
830 3107 1047 3173 gloriam
1084 3107 1396 3173 relinquere.

428 3198 455 3223 ³*
491 3197 756 3259 Quaerere
794 3201 996 3245 tuarum
1035 3211 1208 3245 rerum
1246 3196 1488 3246 auxilium
1526 3196 1841 3248 memineris.

432 3285 453 3309 ¹*
492 3283 754 3334 Fortunae
790 3283 1001 3333 arbitrio
1039 3299 1134 3334 nos
1171 3283 1392 3334 modesti
1430 3284 1660 3334 vivimus.

288 3372 391 3422 190
428 3373 502 3423 Ut
538 3370 740 3436 quimus
776 3370 916 3422 haud
950 3377 1007 3422 ut
1043 3372 1277 3423 volumus
1314 3388 1498 3423 aevum
1535 3373 1788 3425 ducimus.

422 3461 445 3488 *
484 3460 565 3509 Ne
602 3463 799 3509 temere
839 3460 1000 3511 vivas:
1042 3465 1218 3526 specta
1255 3461 1409 3537 longa
1447 3467 1500 3512 et
1536 3462 1787 3527 proxima.
