2202 3918
201 187 308 238 504
585 183 891 238 BATONIS
931 185 1259 238 FABULAE:
1301 187 1684 243 INCERTAE.

381 327 415 379 5
453 323 547 377 καὶ
583 321 893 378 λανθάνειν
930 323 1233 392 δοκοῦντες,
1273 319 1359 379 ὅτι
1398 329 1794 399 πεπλασμένως

455 429 519 484 τὸ
557 429 788 503 πρᾶγμα
827 430 1231 500 παρακεντοῦσι
1267 429 1398 485 κούκ
1435 431 1739 498 ἀληθινῶς.

459 535 586 591 τίνα
625 536 730 607 γὰρ
767 534 888 606 ἔχει,
927 535 1063 607 πρὸς
1100 535 1198 600 τῆς
1234 534 1510 603 Ἀθηνᾶς,
1550 537 1827 618 διαφοράν

459 641 489 696 ὁ
530 643 638 695 τῶν
677 643 947 714 νεωτέρων
985 661 1042 695 τε
1079 644 1172 695 καὶ
1212 641 1371 696 λείων
1409 640 1608 715 τρόπος

460 746 596 821 παρ’
638 745 704 801 ὃν
742 749 795 801 οἱ
834 748 1020 812 δασεῖς
1057 747 1239 819 ἔχουσι
1277 752 1370 803 καὶ
1408 748 1813 823 προβεβηκότες
1827 775 1844 819 ,-

350 882 605 935 Stobaeus
645 882 784 934 Flor.
826 882 897 935 Vl
935 882 1003 932 29
1043 899 1159 933 cum
1197 884 1440 936 lemmate
1478 878 1777 944 Βάθωνος.
1825 884 1907 937 Ad
1944 901 2063 937 sen-

207 971 421 1023 tentiam
459 970 639 1022 confer
661 971 929 1038 Amphidis
954 972 1156 1038 Dithyr.
1176 972 1360 1040 fragm.
1383 975 1448 1026 11.
1525 976 1612 1028 Vs.
1636 975 1668 1024 3
1692 974 1826 1024 male
1848 974 2060 1026 Grotius

208 1055 347 1112 ἔνιοι
383 1076 478 1126 pro
516 1055 656 1126 ἐμοί.
704 1092 760 1101 -
821 1060 909 1111 Vs.
949 1061 981 1109 6
1019 1059 1424 1127 παρακεντοῦσι
1463 1080 1562 1115 non
1607 1063 1872 1130 intellego.
1924 1064 2063 1126 Fuit,

207 1150 263 1200 nl
313 1148 450 1200 fallit
499 1148 775 1210 memoria,
828 1148 915 1214 qui
954 1153 1180 1200 tentaret
1218 1149 1618 1218 περιπέττουσι.
1693 1151 2065 1216 Aristophanes

202 1236 346 1290 Plut.
386 1236 519 1287 159:
559 1229 802 1300 ὀνόμασι
838 1234 1222 1301 περιπέττουσι
1255 1236 1357 1300 την
1390 1234 1734 1306 μοχθηρίαν.
1810 1238 1906 1291 cfr
1944 1237 2064 1291 Val-

207 1325 482 1377 ckenarius
529 1325 691 1376 Diatr.
732 1342 781 1391 p.
825 1325 926 1376 158
972 1326 1054 1376 As
1127 1326 1382 1394 Vulgatae
1429 1328 1656 1379 tuendae
1709 1327 1827 1379 vide
1877 1345 1940 1379 an
1990 1329 2066 1379 uti

205 1413 363 1464 liceat
399 1412 571 1480 glossa
590 1413 868 1479 Hesychii,
898 1405 1313 1475 Ἀπεκέντησαν
1350 1414 1451 1478 τὴν
1486 1409 1794 1478 ἀλήθειανε
1834 1411 2064 1484 ἐδείχθη

206 1493 402 1550 ὁποῖον
439 1485 508 1562 ἦν
545 1496 620 1571 τῷ
656 1494 940 1568 πράγματι
979 1496 1081 1565 (τὸ
1120 1498 1440 1571 πρᾶγμαὶῑ).
1516 1507 1573 1557 ln
1614 1521 1712 1571 qua
1750 1506 1793 1556 si
1833 1499 2064 1555 άπεκέν-

206 1603 389 1651 τησαν
437 1590 630 1640 dietum
679 1596 757 1641 est
803 1607 898 1657 pro
950 1582 1344 1658 ἀπεκάλυψαν,
1404 1589 1816 1662 παρακεντοῦσι
1869 1594 2064 1646 dietum

207 1678 377 1729 videri
413 1683 588 1745 potest
618 1676 713 1745 pro'
748 1672 1295 1745 παρακαλύπτουσιν.
1373 1682 1692 1750 Quamquam
1732 1684 2065 1751 metaphorae

96 1800 106 1805 κ
207 1765 367 1817 huius
401 1766 657 1817 rationem
699 1783 782 1817 me
821 1783 922 1818 non
962 1768 1272 1836 intellegere
1308 1768 1495 1822 fateor.

1113 1909 1177 1959 11.

354 2012 668 2064 Plutarchus
721 2014 786 2064 de
825 2015 960 2065 adul.
1002 2020 1056 2065 et
1094 2030 1193 2064 am.
1234 2012 1283 2081 p‘.
1321 2015 1390 2067 55
1412 2034 1467 2069 c:
1517 2011 1716 2088 Βάττῳ
1762 2011 2065 2082 (Βάτωνι)

210 2094 313 2164 τὴν
347 2096 555 2168 σχολὴν
591 2095 820 2152 ἀπεῖπεν
863 2096 1256 2171 Ἀρκεσίλαος,
1305 2095 1393 2155 ὅτι
1431 2102 1567 2173 πρὸς
1609 2100 1914 2169 Κλεάνθην
1951 2101 2066 2156 στί-

207 2203 310 2258 χον
345 2183 604 2251 ἐποὶησεν
640 2187 699 2239 ἐν
734 2188 1029 2262 κωμῳδίᾳ·
1070 2186 1361 2254 πείσαντος
1399 2191 1457 2245 δὲ
1495 2191 1592 2245 τὸν
1632 2188 1939 2258 Κλεάνθην
1974 2193 2068 2245 καὶ

211 2276 658 2347 μεταμελομένου
692 2273 977 2354 διηλλάγη.
1052 2280 1146 2334 crr
1182 2284 1320 2335 Hist.
1362 2285 1474 2335 crit.
1516 2302 1566 2352 p.
1606 2286 1727 2336 480.

1102 2423 1194 2474 111.

355 2525 654 2578 Athenaeus
690 2527 786 2580 XV
840 2545 890 2594 p.
929 2528 1102 2580 678f.
1155 2524 1226 2578 σύ
1276 2527 1381 2597 γὰρ
1426 2516 1479 2580 εἶ
1521 2525 1552 2581 ὁ
1599 2526 1668 2580 τὰ
1712 2528 1771 2582 ἐν
1817 2529 1930 2593 τοῖς
1978 2531 2064 2599 βι-

216 2608 394 2682 βλίοις
438 2607 505 2664 οὐ
552 2608 726 2682 μόνον
782 2607 1071 2683 ἀπόρρητα
1128 2614 1357 2682 εκλέγων
1409 2613 1553 2669 ἀλλὰ
1607 2619 1701 2671 καὶ
1749 2617 2063 2701 διορύττων,

215 2695 479 2770 καθάπερ
528 2701 583 2752 οἱ
629 2698 784 2772 παρὰ
832 2699 1058 2755 Βάτωνι
1106 2702 1180 2776 τῷ
1229 2705 1600 2780 κωμωδοποιῷ
1647 2706 1707 2759 ἐν
1741 2707 2064 2776 Συνεξαπα-

218 2805 380 2843 τωντι
418 2785 740 2861 φιλόσοφοι.

2192 2200 2202 2267 ἐξ

2187 2290 2202 2385 ς

2190 2401 2202 2421 l·

2189 2430 2199 2454 ἒ
