2202 3918
291 219 400 271 844
964 240 966 242 ’
987 216 1338 271 ΒΑΜΟΧΕΝ
1347 219 1450 272 US.

294 360 509 429 Epicuri
547 373 760 411 normae
796 358 1032 425 ignarum
1071 359 1114 410 si
1153 360 1478 425 conduxeris,

296 450 441 517 quasi
478 449 544 499 de
581 447 761 499 schola
799 447 1017 498 dimitte.
1094 463 1211 498 nam
1249 450 1384 500 scire
1422 456 1502 501 est
1539 463 1700 519 opus

294 539 419 607 quid
456 555 486 589 a
524 553 582 588 sc
619 535 776 587 distet
813 536 1026 602 glaucus
1064 533 1287 588 hiberno
1324 538 1469 604 gelu,

294 635 348 679 et
383 626 514 678 aesti
551 627 875 691 tempestate.
950 623 1087 673 scire
1123 628 1177 674 et
1213 625 1434 691 piscium

291 717 360 769 sit
395 714 562 781 qualis
597 713 816 780 quisque
854 711 935 761 vel
975 727 1091 762 cum
1130 713 1382 780 Virgiliae
1419 711 1679 777 occidunt,

289 805 375 855 vel
410 803 530 855 anni
567 802 704 853 circa
741 801 940 866 pulsuS,
976 801 1301 854 utilissimum
1339 809 1436 855 est.

288 892 486 944 habent
526 889 776 958 periclum
812 894 1131 941 mutamenta
1169 906 1230 941 ac
1265 892 1519 942 momina:

290 982 511 1049 ipsoque
547 980 600 1030 in
638 979 778 1029 victu
815 978 1086 1029 maximam
1125 980 1431 1031 mortalibus

287 1069 589 1121 variantiam
627 1066 950 1117 concinnant.
1027 1071 1080 1116 at
1117 1082 1242 1118 vero
1281 1069 1539 1135 (capis‘Z)

287 1159 344 1210 id
379 1163 584 1226 gratum
622 1159 701 1205 est
737 1160 859 1218 apto
897 1154 1118 1203 sumitur
1155 1156 1295 1219 quod
1331 1164 1587 1222 tempore.

286 1249 350 1299 Β.
390 1247 590 1311 Quotus
626 1243 725 1292 ista
762 1241 981 1306 quisque
1017 1242 1298 1293 observat?
1372 1246 1434 1295 A.
1472 1244 1603 1296 Inde
1640 1244 1873 1296 vermina

290 1341 345 1387 et
381 1334 695 1401 spiramenta
734 1336 927 1396 cogunt
963 1329 1019 1379 id
1057 1330 1197 1395 quod
1233 1330 1444 1382 indecet

286 1424 552 1477 convivam
588 1419 783 1470 facere.
857 1418 995 1484 quod
1032 1434 1156 1469 vero
1194 1436 1224 1470 a
1263 1435 1347 1470 me
1385 1421 1663 1488 apponitur

284 1514 342 1566 id
377 1525 530 1564 omne
567 1509 744 1581 alebre
782 1514 878 1571 est,
916 1514 968 1559 et
1003 1508 1185 1557 rarefit
1222 1510 1467 1573 tenuiter,

283 1608 396 1655 tum
433 1604 576 1651 recta
613 1597 816 1664 perflat.
891 1612 1078 1647 succus
1118 1602 1291 1648 autem
1329 1598 1452 1651 inde
1491 1599 1664 1651 editus

284 1687 726 1758 peraequabiliter
764 1701 824 1736 se
861 1686 914 1737 in
951 1690 1152 1736 meatus
1191 1686 1395 1738 dividit.

284 1781 349 1831 Β.
384 1778 650 1829 Succusne
689 1775 858 1825 dicis?
931 1777 994 1827 A.
1033 1776 1362 1825 Democritus
1401 1792 1527 1840 prae
1564 1792 1648 1826 me
1685 1775 1830 1827 nihil.

285 1873 339 1920 at
376 1865 515 1932 quod
550 1863 823 1928 inaequale
861 1866 940 1912 est
975 1862 1208 1911 vescenti
1246 1862 1506 1913 arthritim
1544 1864 1663 1914 ciet.

284 1959 347 2008 B.
385 1953 580 2006 Videre
619 1959 671 2001 et
710 1950 834 2001 artis
873 1963 994 1998 esse
1033 1948 1267 1998 medicae
1306 1950 1584 2016 particeps·

284 2046 347 2097 A.
387 2043 574 2093 Certe:
612 2045 666 2089 et
704 2045 937 2090 naturam
977 2036 1208 2102 quisquis
1247 2038 1404 2087 novit.
1481 2044 1534 2088 at
1571 2053 1793 2106 coquum

284 2132 469 2186 aetatis
507 2130 678 2190 huius,
716 2128 868 2194 proh,
909 2131 1098 2191 quanta
1135 2124 1397 2190 imperitia
1435 2127 1552 2180 est?

284 2238 415 2290 quos
452 2220 495 2271 si
534 2224 588 2269 tu
627 2217 832 2283 quando
869 2215 1061 2266 videris
1100 2212 1424 2265 confundere

291 2309 726 2374 adversigeueres
763 2305 932 2371 pisces
969 2304 1021 2353 in
1062 2301 1198 2351 cinni
1236 2302 1444 2353 modum

284 2406 339 2464 et
375 2413 575 2449 sesama
611 2395 694 2445 his
729 2395 975 2454 interere,
1011 2394 1214 2441 sumant
1252 2391 1436 2442 ordine

283 2488 374 2556 qui
413 2486 599 2536 adsunt
637 2488 689 2533 et
727 2482 922 2532 adflent
958 2480 1073 2530 visii
1111 2477 1399 2529 suffitibus:

283 2590 458 2628 meum
496 2573 597 2623 hoc
634 2570 901 2621 oraculum
942 2573 1040 2618 est.
1115 2568 1238 2634 quid
1279 2569 1417 2618 enim
1455 2566 1646 2619 confiat
1683 2566 1838 2631 bene,

282 2663 375 2716 ubi
412 2661 510 2712 alia
547 2659 613 2710 ad
650 2659 802 2708 aliam
841 2657 1204 2708 commiscetur
1241 2657 1454 2722 privitas

280 2753 490 2804 hamata
527 2747 758 2799 offensus
797 2762 901 2797 non
938 2746 1302 2796 concordantis
1336 2745 1499 2812 iugo?

283 2839 485 2892 isthaec
521 2836 822 2903 perspicere
858 2835 1081 2900 igenuae
1118 2850 1250 2901 opus
1288 2834 1507 2900 peritiae
1545 2838 1642 2897 est,

284 2944 389 2982 non
427 2926 556 2977 ollas
592 2925 766 2975 lavere
805 2930 858 2974 et
896 2925 1040 2975 olere
1078 2923 1144 2973 de
1181 2922 1314 2972 fumi
1350 2922 1534 2972 halitu.
1592 2932 1596 2936 ’

285 3031 435 3070 meus
470 3014 572 3064 iste
610 3029 723 3066 mos
763 3017 844 3064 est
881 3029 985 3064 nou
1024 3011 1296 3078 coquinam
1338 3010 1636 3077 indugredi,

284 3104 379 3159 sed
415 3102 858 3171 specuiabundum
898 3118 1001 3153 non
1038 3101 1108 3151 ita
1145 3101 1302 3168 longe
1337 3099 1586 3151 assidere.

287 3209 419 3262 opus
456 3191 544 3243 alii
579 3191 795 3242 faciunt.
868 3192 928 3244 Β.
967 3193 1037 3243 At
1074 3192 1170 3241 tu?
1242 3193 1303 3243 A.
1345 3189 1557 3250 Causas,
1596 3189 1765 3240 exitus
1808 3222 1810 3224 v

287 3297 654 3337 commemoro.
730 3281 893 3332 mitte.
968 3285 1047 3332 sat
1083 3279 1300 3331 minutal
1337 3279 1439 3330 hoc
1475 3283 1607 3330 acet.

286 3375 346 3426 B.
387 3373 504 3424 Non
541 3375 596 3422 tn
632 3384 846 3436 coquus,
884 3370 977 3423 sed
1015 3385 1239 3421 mensor.
1316 3370 1376 3420 A.
1417 3368 1597 3435 ignem
1636 3371 1843 3420 auctum
1882 3365 2024 3420 face:

289 3466 538 3531 aequetur
573 3461 957 3514 salsamentum.
1035 3460 1200 3528 prima
1237 3458 1368 3512 haee
1407 3457 1590 3511 ordine
