2202 3918
248 188 352 240 174
972 188 1351 242 MENANDm
1400 259 1404 263 ‚

245 328 340 379 καὶ
376 320 562 398 ὀργήν.
654 331 974 412 Quamquam
1015 346 1077 380 ea
1114 330 1269 382 etiam
1309 332 1374 382 ad
1410 333 1536 384 alias
1574 333 1849 387 Menandri
1885 333 2085 388 fabulas

246 418 445 471 traduci
480 434 634 487 posse
669 420 938 485 intellego.

761 626 1572 686 ΝΑΥΚΛΗΡΟΣ.

1147 774 1187 824 Ι.

381 882 581 933 Primas
618 877 826 930 fabulae
863 896 892 930 a
930 880 1157 931 Caecilio
1195 880 1355 931 latine
1393 897 1668 947 expressae
1705 886 1879 949 partes
1919 883 2086 949 egisse

241 975 447 1026 videtur
487 968 834 1034 Theophilus,
873 970 1233 1032 naviculariae,
1272 970 1417 1019 ouius
1455 985 1517 1020 ex
1554 972 1682 1020 mari
1705 974 1911 1037 Aegaeo
1949 971 2086 1021 redi-

240 1070 374 1124 tum,
429 1060 516 1109 diu
543 1057 745 1107 frustra
784 1064 1164 1124 exspectatum,
1211 1037 1386 1108 nescii>
1425 1059 1538 1124 quis
1575 1059 1917 1110 laetabundus
1955 1075 2085 1110 nun-

239 1151 399 1202 tiabat
437 1146 693 1208 Stratoni,
733 1147 864 1211 patri
904 1146 1196 1211 Theophili.
1271 1146 1437 1196 Docet
1472 1146 1574 1197 hoc
1611 1147 1756 1198 locus
1794 1134 1857 1196 ab
1895 1147 2084 1198 Athen.

236 1238 312 1290 Xl
351 1253 404 1303 p.
442 1235 548 1285 474
572 1250 616 1285 c.
664 1240 926 1298 servatuS,
979 1235 1067 1285 ubi
1103 1234 1170 1285 de
1209 1235 1485 1299 cantharo,
1522 1237 1712 1304 navigii
1748 1251 1969 1302 genere,
2006 1234 2084 1285 di-

235 1329 493 1393 sputatur.

366 1418 526 1479 “Hm
561 1422 736 1478 λιπών
772 1418 1013 1494 Αἰγαῖον
1050 1420 1297 1495 ἁλμυρὸν
1333 1421 1524 1495 βάθος

381 1527 651 1604 Θεόφιλος
686 1529 834 1601 ἡμῖν,
870 1552 909 1583 ω
953 1529 1235 1603 Στράτῳν.
1294 1527 1367 1593 ὥς
1403 1531 1455 1594 ἐς
1491 1527 1661 1584 καλόν

373 1635 471 1692 τὸν
507 1634 631 1690 υἱὸν
667 1615 1000 1707 εὐτνχοῦντα
1036 1640 1131 1690 καὶ
1169 1640 1518 1705 σεσωσμένον

375 1743 585 1817 πρῶτος
621 1744 758 1813 λέγω
799 1762 890 1797 σοι
926 1742 1024 1797 τόν
1062 1764 1117 1796 τε
1150 1744 1394 1814 χρυσοῦν
1428 1740 1740 1815 κάνθαρον.

374 1851 496 1905 ΣΤ.
535 1855 727 1918 ποῖονς
765 1851 836 1903 A.
873 1848 935 1902 τὸ
972 1851 1194 1903 πλοῖον·
1236 1847 1398 1903 οὐδέν
1431 1839 1641 1913 οἶσθας
1679 1846 1866 1905 ἄθλιε.

372 1956 492 2009 ΣΤ.
525 1954 626 2021 τὴν
664 1955 803 2029 ναῦν
840 1955 1136 2010 σεσῶσθαί
1171 1976 1267 2027 μοι
1305 1957 1500 2026 λέγειςς
1537 1959 1608 2010 A.
1650 1953 1813 2025 ἔγωγε
1847 1953 1961 2027 μήν

372 2061 476 2128 τὴν
514 2062 652 2115 ναῦν
688 2060 897 2126 ἐκείνην
934 2059 1003 2127 ἣν
1040 2062 1262 2128 ἐποίησε
1302 2062 1616 2128 Καλλικλῆς

372 2166 402 2221 ὁ
438 2165 780 2239 Καλύμνιος,
819 2166 1131 2242 Εὐφράνωρ
1169 2167 1230 2221 δ’
1271 2169 1532 2241 ἐκυβέρνα
1577 2164 1824 2241 Θούριος.

126 2291 138 2302 ’
227 2277 432 2330 Primos
468 2279 695 2343 quinque
733 2296 913 2330 versus
952 2267 1362 2330 servavit‘etiam
1397 2281 1631 2330 Macrob.
1653 2280 1860 2331 Saturn.
1895 2278 1942 2333 V
1978 2278 2075 2328 21:

222 2368 466 2434 sequitur
513 2372 574 2416 ut
624 2368 832 2433 quando
881 2368 1196 2420 cantharum
1246 2373 1301 2419 et
1326 2367 1512 2435 poculi
1561 2375 1616 2418 et
1649 2368 1863 2434 navigii
1907 2381 2074 2433 genus

222 2472 338 2507 esse
373 2471 533 2522 supra
569 2455 818 2518 diximm,
844 2457 1101 2524 probetur
1137 2457 1402 2524 exemplis.
1429 2487 1494 2497 --
1516 2455 1825 2507 Menander.
1846 2456 1904 2504 in
1918 2452 2072 2506 Nau-

220 2542 393 2595 clero:
415 2533 575 2592 ‘'I-luet.
610 2539 784 2602 λιπών
817 2541 930 2596 κτλ.
1008 2546 1237 2613 Primum
1275 2561 1498 2607 versum,
1540 2562 1601 2596 ex
1622 2544 1887 2610 Euripidis
1907 2543 2074 2595 Troa-

172 2698 173 2701 ,
220 2633 345 2684 dum
379 2631 529 2683 initio
571 2633 887 2696 derivatum,
927 2635 1114 2699 iterum
1152 2635 1310 2686 habet
1347 2633 1539 2686 Athen.
1579 2634 1603 2684 1
1641 2651 1692 2702 p.
1730 2634 1828 2685 4a.
1909 2633 2002 2685 Vs·-
2038 2633 2074 2683 4

220 2721 522 2773 Maerobiuu
559 2718 772 2789 πρῶτος
810 2715 873 2771 δ’
896 2716 996 2789 ἐγώ
1034 2739 1126 2774 σοι
1162 2715 1320 2773 τόνδ’
1361 2718 1622 2791 ἕχρύσουν
1655 2715 1966 2788 κάνθαρον.
2000 2752 2070 2762 --

219 2810 311 2862 Vs.
350 2810 384 2861 5
423 2806 486 2859 τὸ
523 2808 735 2863 πλοῖον.
808 2812 1290 2879 SchoLAristoph.
1331 2811 1597 2862 Pac.14o
1635 2816 1688 2862 et
1723 2811 1844 2861 hine
1882 2809 2069 2860 Suidas

221 2897 273 2948 11
310 2914 360 2964 p.
400 2898 536 2949 596.
586 2895 838 2966 ἄντικρυς
885 2897 944 2950 δὲ
980 2899 1308 2970 Μένανδρος
1344 2897 1403 2950 ἐν
1433 2891 1742 2967 Ναυκλήρω
1777 2891 2071 2965 κάνθαρον

156 2982 158 2985 ’
218 2973 337 3035 εἷπε
373 2972 566 3036 πλοῖον
603 2983 761 3039 εἰναι.
840 2990 1122 3056 Sequentia
1159 2991 1222 3041 ab
1260 2990 1530 3042 Athenaeo
1569 2989 1757 3040 omissa
1793 2987 1931 3055 apud
1953 2988 2069 3039 Ma-

216 3074 451 3126 crobium
497 3076 569 3126 ita
615 3079 806 3143 scripta
842 3085 1033 3141 extant,
1047 3071 1200 3128 οὐδέ
1234 3070 1300 3145 μ’
1343 3063 1524 3127 οἶσθα
1569 3070 1631 3127 σ’
1673 3070 1860 3128 ἄθλιε.
1936 3076 2066 3127 Gor-

219 3162 331 3228 rexi
366 3162 422 3213 in
458 3163 690 3216 editione
726 3167 953 3230 maiore,
997 3168 1086 3219 ubi
1133 3167 1201 3219 de
1238 3155 1449 3225 οἶσθας
1484 3166 1697 3234 copiose
1734 3166 1930 3218 dietum
1967 3170 2065 3216 est.

221 3249 371 3301 Adde
407 3251 612 3304 Aelium
651 3253 954 3320 Dionysium
999 3255 1138 3323 apud
1174 3253 1416 3309 Euetath.
1456 3255 1598 3306 1773
1637 3255 1722 3308 13.
1779 3284 1850 3294 ——
1905 3254 1995 3308 Vs.
2033 3255 2068 3303 6

219 3332 385 3405 ἔγωγε
419 3335 533 3406 μὴν
567 3342 853 3395 Bentleius.
908 3345 1051 3398 Libri
1084 3342 1185 3412 ἐγώ
1226 3339 1329 3406 τήν
1362 3337 1518 3410 ἐμήν.
1564 3376 1635 3386 --
1688 3343 1779 3397 Vs.
1816 3344 1851 3393 7
1889 3358 2064 3403 corre·
2154 3403 2157 3410 s

219 3427 295 3479 xit
320 3427 539 3491 Grotius
577 3431 821 3500 Excerpt.
858 3449 912 3499 p.
946 3433 1069 3487 735.
1144 3433 1314 3502 Vulgo
1361 3429 1502 3484 ναῦν
1549 3426 1732 3494 κείνην
1775 3428 2064 3494 καλλικλῆς
2144 3468 2146 3470 ψ
