2202 3918
290 231 396 284 820
1082 230 1355 284 D1PH1L1

835 367 1610 425 ΒΑΛΑΝΕΙΟΝ.

858 499 861 500 ’
970 479 1076 530 Fac
1113 478 1180 530 sit
1217 480 1460 545 poculum

299 569 543 636 plenum:
582 568 803 620 mortale
841 566 978 634 quod
1016 568 1092 617 tui
1130 572 1211 618 est
1246 568 1406 634 imple
1444 568 1579 619 deo:

300 658 450 709 bibe:
488 673 710 725 namque
745 658 844 710 hoc
881 656 1028 708 nobis
1068 659 1148 706 est
1183 655 1320 707 Iovis
1358 656 1510 719 Fidii‚
1551 659 1716 723 pater.

942 829 1524 885 ΓΑΜΟΣ.

971 942 1280 992 Assentator
1316 941 1517 992 scilicet

303 1033 553 1095 satrapas,
589 1027 767 1092 duces,
806 1029 1015 1092 amicoS,
1054 1029 1289 1080 civitates
1328 1029 1550 1095 denique

303 1116 460 1168 facile
498 1117 686 1166 evertit
721 1118 983 1169 modicum
1021 1118 1288 1168 oblectans
1327 1123 1532 1183 tempus
1568 1117 1739 1169 verbis
1776 1118 2038 1170 maleficis.

305 1208 358 1254 at
393 1218 533 1254 nunc
568 1205 744 1255 nescio
783 1220 916 1270 quae
951 1206 1097 1256 tabes
1136 1204 1343 1270 populis
1381 1206 1593 1256 cunctis
1618 1206 1837 1257 insidet:

305 1292 419 1359 ipsa
455 1292 647 1344 iudicia
684 1292 922 1344 laborant
961 1293 1094 1343 victa
1128 1308 1291 1359 regno
1333 1293 1546 1360 gratiae.

764 1479 1175 1535 ΕΛΕΝΗΦ
1198 1478 1369 1534 0Ρο
1392 1479 1504 1534 YN
1521 1481 1708 1561 ΤΕΣ.

307 1589 354 1642 0
393 1605 527 1655 quae
562 1604 752 1656 regens
787 1587 920 1640 haec
957 1591 1168 1642 numine
1204 1591 1382 1643 invisis
1419 1596 1528 1655 tuo,

307 1678 471 1729 amica
507 1677 668 1740 Divis,
704 1693 849 1729 sacra
886 1679 1166 1731 Brauronis
1204 1679 1336 1744 loca,

308 1767 570 1818 arcidoma
606 1767 752 1833 virgo
790 1772 908 1817 nata
946 1769 1177 1819 Latonae
1214 1785 1276 1819 ac
1313 1770 1467 1831 lovis,

309 1854 495 1921 tragici
530 1858 589 1904 ut
626 1854 909 1920 loquuntur
945 1872 1131 1924 magna
1167 1856 1380 1907 libertas
1418 1856 1605 1922 quibus

313 1958 562 1995 concessa
598 1941 700 1994 fari
737 1959 798 1995 ac
833 1943 1012 1997 facere
1050 1943 1189 2009 quod
1226 1944 1430 1995 libitum
1468 1949 1548 1994 est
1584 1942 1755 1994 modo.

932 2122 1554 2179 ΕΜΠΟΡΟΣ.

1153 2235 1221 2286 11.
1297 2235 1337 2287 1.

317 2321 527 2377 Vidisse
563 2321 736 2388 pisces
775 2321 1002 2374 cariores
1041 2323 1284 2375 antidhac

318 2428 425 2463 non
461 2409 691 2462 memini.
765 2409 1001 2473 decuma,
1038 2411 1153 2462 Rex
1191 2412 1453 2477 Neptune,
1492 2413 1536 2463 si
1572 2412 1666 2464 tibi

318 2501 420 2550 isto
460 2498 527 2548 de
565 2497 735 2564 pretio
773 2498 987 2548 cederet
1026 2498 1276 2564 quotidie,

320 2603 501 2639 omnes
537 2586 763 2638 anteires
800 2580 1010 2637 caelites
1043 2587 1326 2653 opulentia.

321 2682 496 2726 tamen
533 2674 721 2725 horum
759 2675 921 2741 siquis
958 2674 1098 2726 forte
1134 2675 1394 2726 arrisisset
1430 2675 1577 2736 mihi,

323 2765 586 2816 dedissem
627 2769 864 2815 exactum
902 2764 1146 2830 pretium,
1184 2764 1510 2830 quantumvis
1546 2778 1780 2829 gemens.
1862 2790 1866 2794 -

320 2870 417 2921 pro
456 2868 650 2919 congro
690 2868 832 2914 vero,
869 2856 1109 2918 tanquam
1150 2852 1386 2903 Priamus
1423 2866 1518 2917 pro
1557 2852 1809 2913 Hectore,

323 2946 571 3008 quantum
608 2941 722 3006 ipse
759 2940 957 3007 pendit,
996 2946 1194 2992 tantum
1230 2940 1528 3006 pendissem
1566 2939 1753 2990 libens.

324 3033 388 3083 A.
423 3027 659 3080 Corinthi
696 3029 833 3095 apud
871 3044 966 3079 nos
1002 3028 1140 3079 istud
1178 3035 1414 3080 sanctum
1450 3030 1532 3078 est
1567 3027 1791 3095 legibus,

324 3119 369 3170 si
401 3133 556 3183 quem
592 3116 825 3168 videmus
864 3117 1105 3167 obsonari
1142 3116 1353 3185 largius,

327 3206 573 3257 continuo
609 3205 991 3270 interrogamus
1029 3204 1212 3255 cuiatis
1251 3206 1368 3264 siet,

329 3294 458 3360 quid
493 3293 673 3360 agitet,
709 3297 849 3343 unde
886 3293 1037 3343 vivat.
1111 3293 1155 3343 si
1192 3292 1391 3343 reditus
1427 3292 1587 3345 habet

220 3381 232 3399 *
329 3377 416 3449 qui
453 3381 652 3449 possint
689 3380 842 3431 tantis
879 3381 1213 3446 suppeditare
1251 3381 1522 3445 sumtibus,

327 3485 423 3522 suo
460 3471 710 3523 arbitratu
747 3468 931 3521 sinitur
967 3468 1145 3521 facere
1181 3470 1465 3537 impendia.
1560 3509 1568 3516 .
