2202 3918
289 199 397 255 282
931 208 935 220 '
1014 197 1396 254 MENANBRI

292 338 324 393 ὁ
357 334 592 410 κωμικός
625 357 767 411 φησι
807 337 959 411 Θρᾷξ
995 333 1214 405 εὐγενής
1249 339 1363 392 κτλ.
1449 342 1740 395 Menahdro
1779 342 1972 396 'tribuit
2008 343 2132 396 Dio-

289 447 409 498 gen.
446 431 472 483 1
509 433 614 483 100
651 437 704 483 et
741 430 974 497 Apostol.
1014 429 1064 480 11
1100 428 1186 480 59.
1240 431 1331 480 ubl
1366 430 1561 497 legitur
1602 423 1898 498 ὠνημὲνος.
1975 433 2133 485 Cete-

289 534 404 573 rum
441 536 488 573 v.
527 520 651 572 edit.
688 519 806 571 mai.

1109 587 1316 641 CCXV.

543 689 736 754 Οὐδεὶς
770 687 879 762 γάρ
917 686 1150 758 ἀγαπῶν
1185 687 1354 754 αὐτὸς
1397 686 1655 760 ἀμελεῖθ’
1696 686 1884 755 ἡδέως.

430 801 666 854 Servavit
717 801 1029 852 Plutarchus
1077 800 1144 852 de
1189 802 1340 854 amic.
1389 799 1652 853 multitud.
1691 818 1740 868 p.
1780 799 1848 851 95
1869 800 1919 851 d.
1969 804 2022 851 et
2068 799 2134 851 de

286 893 478 945 Amore
515 888 634 943 frat.
673 906 723 957 p.
762 890 933 940 491c.

442 982 444 985 ·
1100 957 1332 1011 CCXVI.

621 1060 916 1136 Κορινθίῳ
954 1059 1174 1115 πίστευε
1211 1062 1306 1114 καὶ
1339 1057 1418 1130 μὴ
1452 1059 1566 1133 χρῶ
1602 1059 1764 1134 φίλῳ.

426 1172 639 1226 Anthol.
681 1173 844 1223 Palat.
886 1173 935 1223 11
974 1189 1023 1239 p.
1043 1172 1149 1222 444
1185 1172 1324 1223 unde
1362 1172 1558 1238 primus
1597 1171 1738 1222 huuc
1775 1185 1981 1238 versum
2020 1170 2130 1222 edi-

286 1263 361 1314 dit
398 1261 698 1314 Huschkius
735 1261 884 1314 Anal.
923 1260 1037 1312 crit.
1071 1276 1123 1326 p.
1161 1260 1285 1310 200.

1084 1364 1342 1418 ccxvn.

522 1465 781 1532 ’Όνειδος
818 1461 1045 1541 αἰσχρὸς
1081 1465 1204 1537 βίος
1237 1459 1387 1538 ὅμως
1422 1462 1532 1524 κᾶν
1568 1463 1710 1532 ἡδὺς
1743 1454 1796 1541 ᾖ.

424 1579 735 1631 Plutarchus
785 1579 851 1629 de
888 1578 1005 1629 aud.
1040 1582 1180 1645 poet.
1217 1566 1269 1643 p.
1306 1577 1451 1628 210:
1499 1570 1528 1626 ὁ
1582 1573 1641 1625 δὲ
1687 1571 2016 1644 ΠῙένανδρος
2061 1603 2131 1617 —

283 1663 386 1731 τὴν
413 1661 750 1737 θρασύτητα
788 1663 885 1729 τῆς
923 1659 1228 1724 ἀκολασίας
1265 1662 1522 1733 ἐξέκοψεν
1555 1656 1724 1716 εἰπών
1747 1658 2131 1724 ”ονειδοςκτλ.
2171 1660 2177 1663 χ

733 1761 737 1765 ’
1064 1773 1349 1826 οοΧνυι

529 1855 610 1910 ‘H
640 1855 701 1910 δ’
743 1854 1040 1928 εὐπάτειρα
1082 1854 1380 1928 φιλόγελως
1420 1874 1475 1907 τε
1512 1855 1798 1926 παρθένος

531 1961 679 2029 Νίκη
715 1960 860 2035 μεθ’
900 1959 1058 2033 ἡμῶν
1092 1959 1319 2033 εὐμενὴς
1356 1957 1529 2014 εἴποιτ’
1570 1957 1677 2016 ἀεί.

423 2075 713 2127 Scholiasta
762 2073 1003 2125 Aristidis
1041 2090 1092 2139 p.
1131 2074 1231 2124 301
1286 2072 1440 2124 Dind.
1492 2060 1601 2134 (69
1638 2070 1934 2135 Fromm.):
1979 2067 2131 2141 παρὰ

285 2158 350 2214 τὸ
388 2159 563 2229 (τὸν)
598 2158 838 2230 κωμικὸν
875 2157 906 2223 ἡ
948 2157 1014 2210 δὲ
1051 2155 1415 2226 εὐπάτορα
1453 2160 1606 2223 (cod.
1644 2152 1976 2228 εὐπάτειρα)
2014 2177 2058 2229 φ
2074 2178 2131 2211 ι-

287 2247 594 2319 λόγελως
648 2261 711 2300 τε
775 2245 1194 2317 παρθενικέι
1250 2242 1412 2316 μεθ’
1470 2242 1656 2316 ἡμῶν
1706 2242 2004 2316 εὐμενὴς
2058 2236 2130 2302 εὖ

287 2334 437 2391 ποτ’
478 2334 604 2390 ἀεί.
677 2337 818 2405 λέγει
871 2336 928 2388 δὲ
977 2334 1081 2400 τὴν
1128 2332 1416 2398 Ἀθηνᾶν.
1491 2340 1710 2405 Corn-ige
1759 2344 1818 2389 ut
1847 2354 2004 2404 supra
2042 2357 2130 2391 ex-

286 2430 450 2481 hibui.
534 2430 828 2480 Menandro
877 2427 1131 2478 vindicavi
1194 2433 1409 2493 propter
1457 2428 1854 2477 Grammaticum
1905 2429 2129 2480 Bekkeri

287 2518 484 2571 Anecd.
523 2518 731 2584 p.368:
769 2511 1102 2566 ἀκολουθεῖν
1137 2506 1260 2580 μετ’
1300 2508 1475 2564 αἰτοῦ
1512 2547 1579 2557 --
1617 2512 1946 2583 Μένανδρος
1982 2511 2131 2583 Νίκη

284 2599 431 2673 μεθ’
467 2600 625 2672 ἡμῶν
660 2600 886 2673 εὐμενὴς
927 2595 1102 2654 ἑέποιτ3
1146 2596 1247 2652 cisi.
1334 2605 1413 2656 Ad
1452 2596 1749 2671 εὗπάτει-ρα
1787 2606 1865 2655 cfr
1901 2608 2129 2673 Etymol.

287 2695 422 2746 Gud.
462 2711 512 2761 p.
551 2696 655 2744 220
693 2696 744 2746 7.
783 2687 1126 2759 Εὗπάτειραε
1165 2687 1273 2747 διὰ,
1298 2689 1393 2754 τῆς
1430 2708 1476 2742 ει
1494 2686 1839 2760 ,ὃιφθόγγου
1875 2691 1950 2762 τῷ
1986 2690 2128 2764 λόγῳ

285 2777 395 2831 τῶν
431 2776 526 2831 διὰ
569 2778 669 2831 τοῦ
704 2800 841 2850 ειρα.
914 2782 1065 2834 Adde
1103 2782 1329 2848 Etymol.
1369 2782 1444 2833 M.
1483 2800 1533 2848 p.
1572 2782 1677 2832 218
1713 2782 1783 2831 54
1822 2787 1873 2832 et
1914 2784 2126 2835 Lobeck

286 2871 455 2922 Paral.
494 2888 544 2936 p.
583 2872 705 2922 214.
748 2872 1036 2936 ¹Intellego
1087 2875 1261 2920 autem
1307 2864 1488 2931 Νίκην
1534 2863 1808 2930 Ἀθηνᾶν
1856 2888 1885 2920 a
1923 2872 2127 2937 Sopho·
2183 2899 2186 2902 -

286 2959 368 3011 cle
408 2958 540 3010 Phil.
588 2961 686 3010 134
725 2965 1080 3010 memoratam.
1158 2960 1329 3010 Locus
1366 2958 1585 3008 fortasse
1622 2958 1672 3008 in
1712 2958 1892 3008 ultima
1922 2958 2129 3020 fabulae

284 3055 434 3116 parte
471 3047 759 3114 legebatur.
844 3050 920 3099 lta
957 3049 1221 3100 victoriam
1260 3048 1357 3098 sibi
1395 3053 1549 3114 poeta
1588 3063 1616 3097 a
1653 3046 1890 3098 Minerva
1926 3048 1977 3098 iu
2016 3064 2128 3099 cer-

284 3136 475 3189 tamine
511 3136 706 3187 comico
745 3142 1028 3203 expeteret.

1099 3243 1330 3296 CCXIX.

391 3344 490 3398 Δεῖ
517 3342 624 3414 γὰρ
661 3340 697 3409 ἢ
735 3339 1187 3411 πλουτεῖν,-ὁ’πως
1223 3344 1301 3417 μὴ
1337 3339 1620 3416 μάρτυρας
1656 3340 1888 3405 πολλοὺς
1927 3340 2064 3414 ἔχειν

394 3448 519 3514 τοὺς
557 3445 813 3521 ὁρῶντας.
