2202 3918
262 237 369 290 774
999 233 1381 285 MENANBRI

264 382 317 431 ct
352 378 562 445 plausus
599 376 780 444 populi
818 380 870 427 et
909 376 1044 425 vitae
1083 374 1429 454 delectamina

267 467 496 519 urbanae
531 463 823 532 splendent,
856 464 954 515 sed
994 479 1225 529 perenne
1263 464 1334 515 nil
1371 464 1582 515 habent.

1161 567 1228 621 H.

272 659 398 712 Seni
435 658 650 721 infelici,
688 673 820 724 quae
857 657 1090 708 oblivisci
1120 663 1393 725 coeperat,

272 765 335 798 ea
369 752 482 798 tute
518 746 970 800 commemorando
1000 748 1268 799 ‘renovasti
1302 748 1459 810 mala,

270 836 583 888 resuscitans
621 838 901 889 miseriam.

931 1000 1482 1057 ΥΜΝΙΣ.

275 1199 384 1251 Res
421 1200 601 1253 hercle
639 1203 704 1253 ud
743 1219 922 1254 omnes
958 1199 1192 1266 probitas
1224 1199 1474 1249 eximium
1512 1199 1701 1250 bonum
1739 1202 1837 1261 est,

275 1287 517 1339 viaticum
554 1290 689 1341 vitae
724 1291 879 1341 huius
917 1287 1238 1339 admirabile.

272 1391 496 1442 namque
533 1378 726 1430 isthuic
761 1378 962 1429 homini
999 1382 1150 1443 parte
1187 1392 1288 1426 non
1328 1390 1513 1440 magna
1551 1374 1637 1426 die

273 1462 495 1528 locutus,
534 1467 669 1517 bene
706 1468 808 1517 iam
847 1466 1017 1532 cupio.
1091 1456 1299 1531 sapiens
1336 1464 1524 1515 dixerit

273 1551 362 1602 hic
398 1553 552 1604 forsit
588 1556 802 1621 aliquis:
841 1555 962 1605 illex
1001 1558 1080 1603 est
1118 1554 1301 1604 oratio.

277 1641 436 1707 quid‘.²
474 1660 537 1693 an
576 1659 679 1693 non
718 1645 848 1694 alios
884 1643 1190 1709 eloquentes
1231 1643 1510 1693 exsecror?

277 1730 436 1781 suada
475 1736 556 1781 est
593 1731 851 1796 loquentis
889 1731 1008 1792 vita,
1049 1747 1152 1780 non
1191 1730 1372 1780 oratio.

279 1925 528 1976 Felicitas
565 1943 683 1976 raro
723 1925 787 1974 ad
824 1929 1147 1975 senectutem
1185 1939 1362 1973 cemes

281 2015 380 2064 arti
418 2019 517 2078 est,
557 2016 609 2065 ni
648 2015 913 2064 «lominum
952 2013 1101 2063 valde
1139 2028 1344 2062 avarum
1381 2011 1655 2065 invenerit.

626 2204 1254 2260 ΥΠΟΒΟΛΙΜΑΙΟΣ
1290 2206 1353 2258 Η
1396 2205 1815 2263 ΑΓΡΟΙΚΟΣ.

1182 2316 1249 2367 11.

871 2403 1030 2454 Hunc
1067 2404 1224 2455 credo
1263 2401 1624 2456 felicissimum

287 2495 373 2562 qui
410 2510 566 2560 quum
605 2493 868 2559 spectarit,
901 2492 1176 2554 Parmen0,
1215 2493 1418 2558 placide
1456 2493 1611 2544 deum
1703 2534 1707 2537 .

287 2589 506 2649 augusta
543 2583 694 2644 dona,
731 2582 868 2632 redit
907 2598 969 2631 eo
1008 2581 1147 2630 unde
1184 2587 1425 2631 venerat:

285 2672 450 2733 iubar,
489 2671 716 2735 inquam,
755 2671 879 2721 solis
917 2669 1195 2736 publicum,
1235 2669 1417 2731 nubes,
1457 2685 1632 2735 aquae,

286 2761 491 2824 ignem:
531 2774 753 2824 namque
791 2775 952 2808 annos
991 2757 1220 2822 quamvis
1260 2762 1465 2807 centum
1502 2758 1700 2822 vixerit,

289 2848 471 2897 eadem
506 2847 718 2908 videbit,
758 2853 811 2896 et
849 2847 914 2897 sit
951 2847 1074 2895 licet
1111 2851 1253 2895 aetas
1292 2847 1491 2897 brevisz

289 2935 429 2986 aliud
465 2935 549 2985 his
587 2936 716 2985 nihil
757 2941 836 2984 est
873 2935 1164 2999 conspicari
1203 2935 1486 3001 pulchrius,

289 3029 580 3074 mercatum
614 3022 770 3073 crede
809 3028 1013 3088 tempus
1052 3023 1151 3072 hoc
1189 3024 1326 3088 quod
1366 3024 1569 3086 vivitur,

291 3113 435 3162 cuius
473 3112 673 3161 visendi
712 3112 1103 3177 peregrinamur
1139 3113 1336 3176 gratia:

290 3200 464 3249 forum
502 3199 591 3260 ibi,
630 3200 901 3261 tumultuS,
937 3198 1101 3261 fures,
1140 3176 1418 3266 colloquia,
1457 3201 1586 3251 alea.

290 3287 400 3337 abis
435 3286 480 3336 si
516 3287 729 3353 primus,
767 3288 869 3337 hoc
906 3288 1194 3338 viaticatior

291 3374 521 3424 divertes
558 3375 775 3437 melius3
815 3377 916 3425 eris
954 3374 1178 3426 infestus
1215 3377 1424 3428 nemini.

294 3467 346 3512 at
382 3462 471 3526 qui
510 3462 759 3526 subsistit,
802 3479 895 3514 sua
933 3464 1151 3515 lassatus
1189 3465 1431 3531 perdidit,
