2202 3918
230 188 334 239 464.
996 179 1329 232 ANAX1PP1

221 321 692 393 Ἐπιδικαζομένῳ
734 317 874 372 Ἐάν
919 340 984 388 με
1032 317 1184 391 κινῇς
1219 320 1330 374 κτλ.
1430 323 1514 376 Vs.
1555 324 1588 372 3
1639 322 1910 392 legebatur
1959 317 2081 370 δια-

227 415 426 485 φέρων,
452 409 548 464 τοῦ
579 406 848 481 ἐγξιφίου.
908 411 1145 461 Correxit
1185 412 1447 462 Iacobsiun
1486 411 1574 462 diu
1612 417 1746 462 ante·
1771 412 2078 461 Porsonum.

815 585 871 636 K
905 584 958 635 E
992 583 1047 635 P
1076 583 1134 635 A
1180 584 1227 636 Y
1256 584 1313 636 Ν
1358 580 1402 637 O
1438 583 1503 639 Σ.

1129 700 1168 750 1.

693 801 842 875 Ὀρῶ
879 801 982 875 γάρ
1019 802 1075 856 ἐκ
1112 801 1460 875 παλαίστρας
1497 804 1606 857 τῶν
1644 803 1822 877 φίλων

434 910 740 983 προσιόντα
780 931 879 981 μοι
914 906 1229 980 Δάμιππον.
1301 911 1371 966 Β.
1412 900 1445 977 ἧ
1484 912 1683 966 τοῦτον
1719 914 1902 983 λέγεις,

432 1020 530 1072 τὸν
568 1020 850 1090 πέτρινον;

910 1123 1107 1176 τοῦτον
1145 1125 1197 1176 οἱ
1235 1123 1391 1197 φίλοι
1426 1123 1657 1178 καλοῦσί
1695 1144 1783 1178 σοι

358 1234 394 1286 5
433 1232 555 1283 νυνὶ
593 1226 672 1281 δι’
715 1224 977 1300 ἀνδρείαν
1017 1228 1321 1300 Κεραυνόν.
1397 1233 1469 1286 Α.
1507 1226 1742 1294 εἰκότως.
1778 1257 1781 1259 ·

430 1333 673 1406 ἀβάτους
712 1338 888 1389 ποιεῖν
926 1333 1030 1407 γάρ
1069 1336 1166 1400 τὰς
1202 1338 1468 1409 τραπέζας
1506 1337 1697 1406 οἴομαι

425 1439 612 1507 αὐτόν,
650 1439 1114 1507 κατασκήπτοντά
1148 1441 1205 1517 y'
1245 1442 1441 1508 αὐταῖς
1478 1443 1546 1518 τῇ
1581 1441 1796 1517 γνάθῳ.

356 1562 657 1615 Athenaeus
692 1561 737 1612 X
778 1578 830 1626 p.
867 1560 970 1609 416
992 1559 1046 1610 f:
1093 1552 1442 1622 Ἀνάξιππος
1482 1555 1745 1630 Κεραυνῷ
1773 1552 1924 1627 (0ροῖ
1959 1555 2064 1628 γὰρ

212 1649 326 1702 κτλ.
402 1653 490 1703 Vs.
530 1653 563 1700 2
602 1635 633 1710 ἦ
675 1667 703 1699 a
740 1648 1033 1714 Schweigh.
1075 1649 1322 1699 additum.
1362 1681 1428 1688 —
1468 1651 1555 1702 Vs.
1595 1651 1627 1699 3
1665 1649 1882 1699 indicavi
1920 1650 2062 1700 iacu—

212 1758 346 1792 nam.
424 1739 499 1788 lta
537 1753 608 1787 vs,
650 1738 684 1786 4
720 1737 913 1787 servari
952 1736 1118 1802 potuit
1156 1737 1412 1787 librorum'
1443 1739 1726 1803 scriptura,
1767 1753 1918 1802 quam
1957 1754 2061 1790 non

211 1835 357 1879 recte
394 1827 635 1877 indicavit
674 1826 1001 1886 DindorfiuS,
1050 1827 1101 1875 in
1151 1827 1295 1876 libris
1345 1821 1557 1894 δίᾳ-ιλοι
1612 1844 1704 1891 pro
1753 1822 1908 1893 ([ίλοι
1953 1828 2059 1893 legi

213 1919 409 1968 dicens,
485 1917 547 1967 V.
588 1914 1158 1979 Schweighaeuserum.
1217 1916 1512 1965 Dindorfius
1550 1916 1632 1965 itav
1658 1916 1829 1966 locum
1869 1916 2058 1966 edidit:

463 1997 563 2050 τὸν
599 2000 870 2069 πέτρινον,
909 2005 932 2028 *
972 2000 994 2023 *
1032 1994 1098 2050 ὂν
1134 1998 1399 2052 καλοῦσιν
1434 2001 1488 2051 οἱ
1527 1996 1681 2069 φίλοι

463 2088 585 2140 νυνὶ
622 2084 698 2138 δι’
738 2083 1002 2156 ἀνδρείαν
1040 2084 1328 2155 Κεραυνόν
1363 2117 1435 2125 -—

207 2184 260 2233 in
299 2179 474 2233 critica
512 2179 843 2230 annotatione
882 2179 1125 2230 audacius
1164 2181 1317 2230 etiam
1359 2196 1452 2245 pro
1477 2172 1632 2244 φίλοι
1668 2179 1894 2232 fortasse
1930 2174 2056 2230 νεώ-

207 2287 353 2337 τεροι
400 2268 730 2320 scribendum
780 2283 900 2317 esse
947 2268 1245 2319 coniicienS.
1338 2269 1619 2319 Elmsleius
1675 2269 1740 2318 ad
1790 2271 2056 2336 Euripidis

206 2359 397 2408 Bacch.
439 2358 506 2406 10
543 2356 674 2406 haec
716 2357 787 2404 ita
826 2355 1086 2405 exhibuit:
1124 2351 1157 2416 ἠ
1195 2352 1393 2404 τοῦτον
1425 2353 1630 2423 λέγειςί
1666 2353 1764 2405 τὸν
1802 2362 1825 2388 *
1864 2360 1886 2386 *
1926 2362 1949 2388 *
1987 2352 2054 2408 ὅν

204 2444 261 2495 οἱ
298 2440 453 2512 φίλοι
488 2436 721 2494 καλοῦσι’
758 2458 847 2492 σοι
886 2471 984 2493 -.
1068 2445 1167 2508 Qui
1205 2450 1376 2506 reete,
1417 2444 1625 2510 opinor,
1663 2445 1834 2495 haesit
1869 2447 1921 2496 in
1961 2462 2049 2498 co·-

202 2535 445 2601 gnomine
486 2531 767 2598 πέτρινος,
818 2547 911 2597 pro
952 2547 1053 2597 quo
1092 2532 1262 2597 potius
1298 2529 1555 2599 πτερινὸν
1592 2532 1854 2584 hominem
1892 2536 2050 2588 istum

198 2623 513 2689 appeliatum
550 2620 713 2671 fuisse
753 2620 1080 2670 crediderim.
1155 2648 1224 2656 —
1300 2621 1387 2671 Vs·
1426 2622 1459 2670 6
1505 2613 1747 2683 ἀβάτους
1783 2621 2049 2687 τραπέζας

197 2711 322 2760 dicit
358 2716 541 2777 utpote
579 2708 797 2759 fulmine
836 2714 998 2758 tactas
1035 2708 1259 2774 ideoque
1298 2709 1488 2759 nemini
1527 2709 1807 2762 adeundas.
1892 2713 2049 2764 Simi-

192 2799 259 2848 lis
298 2800 444 2850 iocus
484 2796 869 2863 Aristophontis
907 2796 1046 2862 apud
1080 2797 1361 2847 Stobaeum
1401 2797 1542 2848 Flor.
1587 2798 1654 2850 Vl
1692 2799 1790 2849 27:
1839 2799 1899 2849 αἱ
1939 2798 2046 2850 τῶν

192 2880 424 2951 ἑταιρῶν
462 2883 728 2943 διοπετεῖς
764 2878 868 2950 γὰρ
916 2876 1087 2933 οἰκίαι
1134 2878 1427 2949 γεγόνασιν
1464 2879 1679 2948 ἄβατοι
1709 2884 1821 2944 τοῖς
1858 2880 2044 2951 ἔχουσι

188 2970 329 3040 μηδὲ
378 2971 452 3026 ἕν.
552 2974 750 3024 Ibidem
800 2972 978 3022 ποιεῖν
1026 2975 1172 3023 abest
1218 2991 1247 3022 a
1287 2971 1393 3024 PV.
1445 2963 1563 3023 edd.
1605 2974 1662 3024 L.
1736 3004 1805 3015 —-
1880 2975 1967 3026 Vs.
2006 2977 2042 3025 7

187 3056 383 3122 αὐταῖς
430 3080 525 3129 pro
574 3065 785 3129 vulgato
836 3056 978 3131 αὐτῇ
1014 3061 1316 3112 Dindorfius
1375 3076 1436 3109 ex
1476 3061 1516 3110 C
1564 3068 1616 3111 et
1653 3062 1928 3113 Eustathio
1976 3064 2043 3114 ad

187 3139 336 3202 Iliad.
374 3145 418 3199 λ’
460 3168 511 3217 p.
550 3152 657 3201 962
693 3151 757 3200 8:
798 3144 894 3199 καί
933 3166 1012 3209 τις
1050 3146 1226 3217 ἕτερος
1263 3144 1583 3216 πολυφάγος
1619 3148 1878 3218 κεραυνὸς
1914 3148 2041 3201 ἐκα-

183 3235 349 3299 λεῖτο,
388 3235 509 3287 ἐπεὶ
545 3233 686 3287 κατά
723 3252 849 3286 τινα
888 3233 1125 3300 ποιητὴν
1161 3230 1402 3302 ἀβάτους
1433 3232 1602 3286 ἐποίει
1640 3234 1738 3297 τὰς
1773 3238 2040 3305 τραπέζας

180 3320 583 3388 κατασκήπτων
632 3318 828 3385 αὐταῖς
878 3323 944 3396 τῇ
998 3319 1216 3395 γνάθῳ.
1308 3327 1554 3378 Fortasse
1600 3333 1770 3377 tamen
1810 3334 2038 3393 praestat

179 3407 642 3477 κατασκήπτοντα
681 3407 924 3473 ταύταις.
973 3416 1100 3467 Nam
1122 3414 1255 3469 ABP
1294 3406 1351 3476 γ’
1383 3422 1504 3467 ante
1542 3408 1736 3474 αὐταῖς
1774 3417 2032 3470 omittunt.
