2202 3918
269 208 374 262 714

272 350 400 402 nihil
437 354 608 399 tamen
666 362 876 398 caussae
916 349 994 395 est
1053 343 1173 410 quin
1224 350 1278 395 et
1312 347 1424 412 ipse
1462 362 1574 397 eam
1613 347 1782 411 legem
1821 350 2115 396 constanter

270 443 519 503 sequutus
571 451 686 486 esse
732 438 1000 485 statuatur,
1091 434 1313 483 obstare
1358 434 1567 499 quidem
1620 433 1820 483 videtur
1868 448 2046 482 versus
2084 450 2113 482 a

270 526 496 576 Stobaeo
534 523 677 573 Flor.
715 520 903 572 Lxxn
944 519 978 569 5
1019 525 1285 572 servatus:
1335 516 1542 587 τρόπον
1589 516 1844 586 γυναικὸς
1872 515 2113 586 χρηστὸν

268 608 431 662 ἔνδον
467 603 785 676 λαμβάνειν.
860 608 964 657 Sed
1003 608 1266 659 videamus
1304 610 1472 659 locum
1510 610 1786 675 integrum.
1858 609 2112 659 Stobaeue

270 702 430 769 igitur
465 699 515 750 in
555 699 704 748 titulo
732 695 817 762 qui
854 695 1134 759 inscriptus
1164 701 1273 746 est:
1312 686 1398 745 ὅτι
1434 694 1640 754 ἐντοῖς
1676 688 1874 767 γάμοις
1910 689 1975 744 οὐ
2013 689 2113 754 τὴν

268 783 540 855 εὐγένειαν
576 780 701 834 οὐδὲ
742 778 840 832 τὸν
877 779 1116 831 πλοῦτον
1147 780 1249 849 χρὴ
1290 784 1540 845 σκοπεῖν,
1579 777 1720 831 ἀλλὰ
1755 779 1854 832 τὸν
1892 775 2118 849 τρόπον,
2198 823 2202 826 .

269 877 366 928 lios
402 876 576 943 posuit
612 871 954 939 Hipponactis
993 887 1203 922 versus:

524 990 707 1063 Γάμος
743 987 1030 1062 κράτιστός
1067 990 1217 1043 ἐστιν
1255 989 1413 1062 ἀνδρὶ
1455 990 1718 1064 σώφρονι,

519 1080 725 1152 τρόπον
761 1078 1018 1150 γυναικὸς
1048 1077 1290 1150 χρηστὸν
1327 1078 1487 1133 ἔνδον
1524 1078 1855 1150 λαμβάνειν·

522 1163 665 1232 αὕτη
702 1167 807 1237 γὰρ
843 1164 875 1231 ἡ
916 1167 1076 1235 προὶξ
1112 1162 1294 1219 οἰκίαν
1332 1165 1486 1233 σώζει
1523 1166 1686 1238 μόνη.

517 1250 670 1317 ὅστις
709 1255 1007 1325 τρυφῶσαν
1045 1260 1095 1322 *)
1135 1254 1235 1316 τὴν
1269 1255 1489 1324 γυναῖκ’
1526 1254 1644 1327 ἄγει
1681 1250 1886 1322 λαβών,

519 1342 782 1414 σύνεργον
819 1334 979 1405 οὗτος
1015 1341 1141 1396 ἀντὶ
1181 1343 1475 1410 δεσποίνης
1511 1343 1617 1415 ἔχει

520 1430 714 1486 εὔνουν
753 1429 993 1499 βεβαίαν
1029 1429 1084 1484 τ’
1124 1427 1200 1495 εἷς
1236 1427 1461 1487 ἅπαντα
1498 1433 1596 1486 τὸν
1633 1429 1776 1502 βίον.
1814 1437 1863 1497 *)

267 1563 434 1612 Recte
472 1560 598 1613 vidit
617 1560 989 1611 Valckenarius
1026 1559 1163 1626 apud
1202 1560 1534 1612 Gaisfordum
1571 1579 1600 1611 a
1639 1575 1792 1611 versu
1827 1556 1983 1608 tertio
2020 1570 2113 1605 no-

268 1666 389 1700 vum
440 1649 787 1713 fragmentum
835 1648 1086 1713 incipere.
1172 1648 1350 1714 ltaque
1390 1649 1733 1716 Hipponactis
1783 1661 1970 1696 nomen
2009 1658 2111 1694 non

268 1738 336 1788 ad
371 1743 481 1788 tres
519 1737 710 1802 primos
749 1752 946 1798 versus,
984 1737 1071 1801 qui
1108 1738 1289 1786 comici
1312 1743 1499 1803 poetae
1537 1753 1653 1787 esse
1691 1735 1949 1794 videntur,
1990 1748 2108 1798 per-

267 1827 437 1877 tinere
485 1825 746 1891 suspicor,
795 1825 889 1874 sed
933 1824 996 1874 ad
1047 1826 1281 1890 proxime
1329 1832 1636 1891 sequente8‚
1686 1824 1759 1874 ita
1807 1828 2007 1882 tamen,
2056 1825 2113 1870 ut

266 1919 385 1981 post
421 1914 642 1979 primum
682 1912 897 1962 secundi
934 1911 1215 1976 fragmenti
1253 1929 1494 1974 versum,
1541 1913 1585 1962 si
1630 1911 1782 1961 modo
1820 1911 1866 1959 is
1902 1914 2045 1959 recte
2083 1925 2113 1958 a
2174 1894 2190 1930 ¹·

266 2019 353 2054 me
391 2001 694 2051 emendatus
733 2002 926 2062 est·*)‚
964 2000 1068 2049 duo
1107 2001 1171 2049 ad
1210 2001 1472 2051 minimum
1508 2015 1686 2050 versus
1722 1998 1972 2049 excidisse
2011 2002 2115 2047 sta-

265 2095 454 2141 tuatur.
538 2090 642 2149 Ac
677 2087 900 2137 fortasse
957 2103 1022 2136 ne
1072 2088 1127 2138 hi
1174 2089 1380 2154 quidem
1429 2105 1606 2140 versus
1659 2086 1973 2154 Hipponacti
2022 2085 2115 2135 tri-

265 2177 460 2230 buendi
508 2181 655 2237 sunt,
718 2192 749 2226 a
796 2176 942 2225 cuius
990 2178 1136 2241 poesi
1184 2179 1438 2228 eiusmodi
1496 2177 1778 2227 sententias
1828 2171 2113 2241 βιωφελεῖς

267 2267 461 2316 alienas
519 2264 682 2314 fuisse
740 2265 1044 2329 putaverim.
1146 2266 1304 2316 Certe
1353 2266 1693 2315 vehementer
1741 2264 2039 2329 discrepant
2083 2280 2114 2313 a

266 2354 390 2404 forti
427 2357 481 2402 et
518 2352 674 2401 alacri
710 2351 911 2416 spiritu,
949 2352 1035 2416 qui
1072 2353 1122 2403 in
1161 2355 1350 2403 ceteris
1390 2355 1543 2404 liuius
1581 2361 1767 2419 poetae
1805 2352 2116 2403 carminibus

268 2446 469 2505 regnat.
546 2440 601 2488 ln
643 2440 853 2489 Stobaei
890 2442 1120 2504 margine
1158 2457 1309 2506 quam
1360 2441 1661 2505 frequentes
1709 2441 1812 2490 sint
1848 2441 1899 2491 in
1938 2448 2113 2490 aucto-

267 2543 382 2578 rum
423 2526 712 2576 nominibus
752 2542 955 2575 errores
993 2528 1186 2576 nemini
1225 2529 1457 2593 ignotum
1500 2533 1608 2589 est3
1647 2542 1817 2591 neque
1857 2528 2020 2588 male,
2059 2534 2115 2577 nt

268 2614 508 2680 equidem
548 2614 758 2679 opinor,
799 2615 1110 2678 Hipponacti
1149 2617 1555 2682 I-lippothoontis
1592 2631 1777 2665 nomen
1816 2615 2114 2686 eupalimna,
2188 2646 2194 2682 :5

270 2719 403 2771 quae
442 2703 647 2752 nomina
685 2703 842 2751 etiam
880 2703 984 2752 alio
1022 2705 1234 2754 Stobaei
1271 2706 1387 2755 loco
1425 2700 1797 2770 permutantur,
1889 2703 1949 2755 V.
1992 2704 2113 2769 Epi-

270 2797 423 2842 metr.
465 2791 551 2842 tv.
2189 2778 2202 2795 ‘⁴

385 2971 423 3026 ²¹²)
453 2972 595 3023 Vulgo
626 2971 785 3024 legitur
816 2968 935 3018 ὅσιις
969 2971 1014 3012 δὲ
1045 2973 1265 3027 τρυφερῶς
1295 2969 1373 3026 τὴν
1402 2979 1585 3027 γυναῖκα
1617 2977 1700 3016 etc.
1731 2973 1845 3029 quod
1867 2987 1968 3015 num
1993 2978 2111 3016 recte
2184 3003 2190 3011 ›

271 3046 592 3091 emendaverim
622 3046 718 3102 ipse
748 3047 914 3089 dubito.

369 3144 434 3191 **)
464 3141 573 3182 Post
600 3142 785 3195 βεβαίαν
816 3140 964 3182 addidi
992 3144 1050 3182 τέ.
1090 3142 1228 3195 Ipsam
1261 3139 1519 3183 sententiam
1552 3140 1729 3196 copiose
1761 3140 1968 3196 explicuit
1998 3141 2111 3183 Hie—
2169 3141 2197 3180 .'

274 3217 414 3258 rooles
444 3214 558 3271 apud
587 3216 821 3259 Stobaeum
852 3219 993 3260 Serm.
1026 3217 1232 3259 LXXXV
1264 3218 1318 3258 21
1349 3216 1415 3272 (p.
1452 3217 1536 3258 192
1570 3217 1733 3271 Gaiss.)
1768 3216 1838 3273 ubi
1873 3230 1952 3271 pro
1982 3214 2106 3270 μηδ’
2186 3202 2202 3278 ¹⁴

274 3291 416 3339 ὅπως
453 3292 710 3346 τετριμμένη
752 3295 1007 3348 κυοφορίαις
1050 3292 1324 3335 scribendum
1361 3293 1595 3347 μηδέπω
1640 3294 1732 3332 κτλ.
1769 3295 1812 3333 ct
1842 3304 1919 3346 pro
1961 3292 2011 3331 εἰ
2054 3290 2109 3331 δὲ

272 3361 538 3422 παρήκοι,
568 3365 684 3419 quod
718 3379 802 3409 non
833 3373 950 3411 recte
982 3367 1206 3412 Bentleius
1237 3367 1440 3420 correxit,
1485 3370 1532 3409 εἰ
1564 3368 1618 3409 δὲ
1653 3367 1936 3423 παρείκοι,
1978 3373 2015 3408 εἰ
2043 3380 2111 3408 res
2183 3419 2185 3423 Ι

275 3450 331 3483 ita
363 3447 514 3491 tulerit,
547 3441 612 3483 cll.
647 3442 860 3497 Sophocle
893 3444 1005 3487 Phil.
1040 3445 1155 3489 1037
1185 3447 1229 3486 et
1260 3442 1514 3496 Thucydide
1545 3442 1601 3484 ΙΙΙ
1635 3443 1673 3484 1.
