<?xml version="1.0" encoding="UTF-8"?>
<!DOCTYPE html PUBLIC "-//W3C//DTD XHTML 1.0 Transitional//EN"
    "http://www.w3.org/TR/xhtml1/DTD/xhtml1-transitional.dtd">
<html xmlns="http://www.w3.org/1999/xhtml" xml:lang="en" lang="en">
 <head>
  <title>
</title>
<meta http-equiv="Content-Type" content="text/html;charset=utf-8" />
  <meta name='ocr-system' content='tesseract 3.04.00' />
  <meta name='ocr-capabilities' content='ocr_page ocr_carea ocr_par ocr_line ocrx_word'/>
</head>
<body>
  <div class='ocr_page' id='page_1' title='image "./fragmentacomicor04meinuoft_0326.png"; bbox 0 0 2202 3918; ppageno 0'>
   <div class='ocr_carea' id='block_1_1' title="bbox 273 218 1395 274">
    <p class='ocr_par' dir='ltr' id='par_1_1' title="bbox 273 218 1395 274">
     <span class='ocr_line' id='line_1_1' title="bbox 273 218 1395 274; baseline 0.001 -1"><span class='ocrx_word' id='word_1_1' title='bbox 273 220 382 273; x_wconf 74' lang='lat'><strong>8⁰4</strong></span> <span class='ocrx_word' id='word_1_2' title='bbox 832 256 834 258; x_wconf 29' lang='lat' dir='ltr'>v</span> <span class='ocrx_word' id='word_1_3' title='bbox 1015 218 1395 274; x_wconf 64' lang='lat' dir='ltr'>MENANDRI</span> 
     </span>
    </p>
   </div>
   <div class='ocr_carea' id='block_1_2' title="bbox 273 357 2135 781">
    <p class='ocr_par' dir='ltr' id='par_1_2' title="bbox 273 357 2135 781">
     <span class='ocr_line' id='line_1_2' title="bbox 274 357 2120 431; baseline 0.002 -19"><span class='ocrx_word' id='word_1_4' title='bbox 274 362 405 412; x_wconf 71' lang='lat' dir='ltr'><strong>haec</strong></span> <span class='ocrx_word' id='word_1_5' title='bbox 427 363 618 430; x_wconf 81' lang='lat' dir='ltr'><strong>figura</strong></span> <span class='ocrx_word' id='word_1_6' title='bbox 635 382 654 414; x_wconf 85' lang='lat'><strong>.-</strong></span> <span class='ocrx_word' id='word_1_7' title='bbox 704 362 1040 415; x_wconf 73' lang='lat' dir='ltr'><strong>crudelitatis</strong></span> <span class='ocrx_word' id='word_1_8' title='bbox 1077 366 1158 411; x_wconf 85' lang='lat' dir='ltr'><strong>est</strong></span> <span class='ocrx_word' id='word_1_9' title='bbox 1192 357 1366 413; x_wconf 77' lang='lat' dir='ltr'><strong>mater</strong></span> <span class='ocrx_word' id='word_1_10' title='bbox 1401 363 1670 424; x_wconf 77' lang='lat' dir='ltr'><strong>avaritia,</strong></span> <span class='ocrx_word' id='word_1_11' title='bbox 1718 367 1773 413; x_wconf 82' lang='lat' dir='ltr'><strong>et</strong></span> <span class='ocrx_word' id='word_1_12' title='bbox 1818 362 1965 431; x_wconf 80' lang='lat' dir='ltr'><strong>apud</strong></span> <span class='ocrx_word' id='word_1_13' title='bbox 1999 362 2120 416; x_wconf 82' lang='lat' dir='ltr'><em>Sal-</em></span> 
     </span>
     <span class='ocr_line' id='line_1_3' title="bbox 274 447 2135 520; baseline 0.002 -20"><span class='ocrx_word' id='word_1_14' title='bbox 274 449 490 500; x_wconf 80' lang='lat' dir='ltr'><strong>lustium</strong></span> <span class='ocrx_word' id='word_1_15' title='bbox 525 452 585 502; x_wconf 73' lang='lat' dir='ltr'><strong>in</strong></span> <span class='ocrx_word' id='word_1_16' title='bbox 611 451 912 502; x_wconf 82' lang='lat' dir='ltr'><em>Ciceronem</em></span> <span class='ocrx_word' id='word_1_17' title='bbox 935 467 955 499; x_wconf 91' lang='lat'><strong>.·</strong></span> <span class='ocrx_word' id='word_1_18' title='bbox 991 465 1020 499; x_wconf 90' lang='lat' dir='ltr'><strong>o</strong></span> <span class='ocrx_word' id='word_1_19' title='bbox 1039 447 1261 499; x_wconf 78' lang='lat' dir='ltr'><em>Romule</em></span> <span class='ocrx_word' id='word_1_20' title='bbox 1277 451 1534 517; x_wconf 76' lang='lat' dir='ltr'><strong>Arpinas,</strong></span> <span class='ocrx_word' id='word_1_21' title='bbox 1578 450 1745 513; x_wconf 73' lang='lat' dir='ltr'><strong>Quale</strong></span> <span class='ocrx_word' id='word_1_22' title='bbox 1782 458 1862 502; x_wconf 82' lang='lat' dir='ltr'><strong>est</strong></span> <span class='ocrx_word' id='word_1_23' title='bbox 1898 458 1952 502; x_wconf 84' lang='lat' dir='ltr'><strong>et</strong></span> <span class='ocrx_word' id='word_1_24' title='bbox 1987 453 2135 520; x_wconf 78' lang='lat' dir='ltr'><strong>apud</strong></span> 
     </span>
     <span class='ocr_line' id='line_1_4' title="bbox 273 536 2130 604; baseline 0.002 -15"><span class='ocrx_word' id='word_1_25' title='bbox 273 537 658 590; x_wconf 80' lang='lat' dir='ltr'><strong><em>Menandrum:</em></strong></span> <span class='ocrx_word' id='word_1_26' title='bbox 715 538 1022 604; x_wconf 77' lang='lat' dir='ltr'><strong>Oedipus</strong></span> <span class='ocrx_word' id='word_1_27' title='bbox 1080 536 1468 588; x_wconf 73' lang='lat' dir='ltr'><strong>Thriasius.</strong></span> <span class='ocrx_word' id='word_1_28' title='bbox 1541 538 1833 589; x_wconf 79' lang='lat' dir='ltr'><strong>Menander</strong></span> <span class='ocrx_word' id='word_1_29' title='bbox 1869 542 2130 592; x_wconf 82' lang='lat' dir='ltr'><strong>coniecto-</strong></span> 
     </span>
     <span class='ocr_line' id='line_1_5' title="bbox 275 624 2131 691; baseline 0.002 -15"><span class='ocrx_word' id='word_1_30' title='bbox 275 641 388 676; x_wconf 85' lang='lat' dir='ltr'><strong>rem</strong></span> <span class='ocrx_word' id='word_1_31' title='bbox 428 627 653 691; x_wconf 77' lang='lat' dir='ltr'><strong>aliquem</strong></span> <span class='ocrx_word' id='word_1_32' title='bbox 691 627 873 676; x_wconf 85' lang='lat' dir='ltr'><strong>risisse</strong></span> <span class='ocrx_word' id='word_1_33' title='bbox 910 624 1130 687; x_wconf 84' lang='lat' dir='ltr'><strong>videtur,</strong></span> <span class='ocrx_word' id='word_1_34' title='bbox 1172 624 1310 690; x_wconf 88' lang='lat' dir='ltr'><strong>quod</strong></span> <span class='ocrx_word' id='word_1_35' title='bbox 1346 639 1511 691; x_wconf 84' lang='lat' dir='ltr'><strong>genus</strong></span> <span class='ocrx_word' id='word_1_36' title='bbox 1549 624 1815 687; x_wconf 87' lang='lat' dir='ltr'><strong>hominum</strong></span> <span class='ocrx_word' id='word_1_37' title='bbox 1851 627 1903 677; x_wconf 88' lang='lat' dir='ltr'><strong>in</strong></span> <span class='ocrx_word' id='word_1_38' title='bbox 1942 628 2131 679; x_wconf 88' lang='lat' dir='ltr'><strong>Thria-</strong></span> 
     </span>
     <span class='ocr_line' id='line_1_6' title="bbox 273 701 2128 781; baseline 0.003 -17"><span class='ocrx_word' id='word_1_39' title='bbox 273 713 353 765; x_wconf 83' lang='lat' dir='ltr'><strong>sio</strong></span> <span class='ocrx_word' id='word_1_40' title='bbox 391 729 574 781; x_wconf 83' lang='lat' dir='ltr'><strong>campo</strong></span> <span class='ocrx_word' id='word_1_41' title='bbox 613 714 769 764; x_wconf 88' lang='lat' dir='ltr'><strong>sedes</strong></span> <span class='ocrx_word' id='word_1_42' title='bbox 807 728 927 764; x_wconf 89' lang='lat' dir='ltr'><strong>suas</strong></span> <span class='ocrx_word' id='word_1_43' title='bbox 964 713 1210 765; x_wconf 86' lang='lat' dir='ltr'><strong>habuisse</strong></span> <span class='ocrx_word' id='word_1_44' title='bbox 1246 716 1464 764; x_wconf 88' lang='lat' dir='ltr'><strong>constat.</strong></span> <span class='ocrx_word' id='word_1_45' title='bbox 1535 701 1782 765; x_wconf 80' lang='lat' dir='ltr'><strong>Ceterum</strong></span> <span class='ocrx_word' id='word_1_46' title='bbox 1819 730 1868 767; x_wconf 88' lang='lat' dir='ltr'><strong>v.</strong></span> <span class='ocrx_word' id='word_1_47' title='bbox 1894 716 1975 767; x_wconf 90' lang='lat' dir='ltr'><strong>ed.</strong></span> <span class='ocrx_word' id='word_1_48' title='bbox 2009 717 2128 770; x_wconf 88' lang='lat' dir='ltr'><strong>mai.</strong></span> 
     </span>
    </p>
   </div>
   <div class='ocr_carea' id='block_1_3' title="bbox 989 865 1354 917">
    <p class='ocr_par' dir='ltr' id='par_1_3' title="bbox 989 865 1354 917">
     <span class='ocr_line' id='line_1_7' title="bbox 989 865 1354 917; baseline 0.003 -1"><span class='ocrx_word' id='word_1_49' title='bbox 989 893 992 896; x_wconf 21' lang='grc' dir='ltr'><strong>Δ</strong></span> <span class='ocrx_word' id='word_1_50' title='bbox 1065 865 1354 917; x_wconf 83' lang='lat' dir='ltr'>CCCXXX.</span> 
     </span>
    </p>
   </div>
   <div class='ocr_carea' id='block_1_4' title="bbox 269 963 2129 1306">
    <p class='ocr_par' dir='ltr' id='par_1_4' title="bbox 269 963 2129 1306">
     <span class='ocr_line' id='line_1_8' title="bbox 412 963 2129 1046; baseline 0.003 -23"><span class='ocrx_word' id='word_1_51' title='bbox 412 973 642 1023; x_wconf 76' lang='lat' dir='ltr'><strong>Zonaras</strong></span> <span class='ocrx_word' id='word_1_52' title='bbox 687 971 708 1022; x_wconf 92' lang='lat'>1</span> <span class='ocrx_word' id='word_1_53' title='bbox 739 972 947 1038; x_wconf 79' lang='lat' dir='ltr'><strong>p.309:</strong></span> <span class='ocrx_word' id='word_1_54' title='bbox 984 963 1470 1039; x_wconf 74' lang='grc' dir='ltr'><strong><em>Ἀρτικροτεῖσθαι,</em></strong></span> <span class='ocrx_word' id='word_1_55' title='bbox 1507 974 1958 1041; x_wconf 75' lang='grc' dir='ltr'><strong><em>συμφωνεῖσθαι.</em></strong></span> <span class='ocrx_word' id='word_1_56' title='bbox 1994 970 2129 1046; x_wconf 81' lang='grc' dir='ltr'><strong>Ἀρ-</strong></span> 
     </span>
     <span class='ocr_line' id='line_1_9' title="bbox 270 1051 2129 1135; baseline 0.005 -26"><span class='ocrx_word' id='word_1_57' title='bbox 270 1051 737 1129; x_wconf 74' lang='grc' dir='ltr'><strong><em>τικροτοῦνθ’</em></strong></span> <span class='ocrx_word' id='word_1_58' title='bbox 777 1056 842 1109; x_wconf 87' lang='grc' dir='ltr'><strong>οἱ</strong></span> <span class='ocrx_word' id='word_1_59' title='bbox 877 1053 1115 1126; x_wconf 82' lang='grc' dir='ltr'><strong><em>γάμοι,</em></strong></span> <span class='ocrx_word' id='word_1_60' title='bbox 1155 1059 1298 1128; x_wconf 80' lang='grc' dir='ltr'>φησὶ</span> <span class='ocrx_word' id='word_1_61' title='bbox 1335 1057 1682 1131; x_wconf 78' lang='grc' dir='ltr'><strong><em>Μένανδρος.</em></strong></span> <span class='ocrx_word' id='word_1_62' title='bbox 1753 1065 1997 1118; x_wconf 80' lang='lat' dir='ltr'><strong>Fortasse</strong></span> <span class='ocrx_word' id='word_1_63' title='bbox 2031 1059 2129 1135; x_wconf 82' lang='grc' dir='ltr'><strong>ἠρ-</strong></span> 
     </span>
     <span class='ocr_line' id='line_1_10' title="bbox 269 1141 2128 1218; baseline 0.005 -21"><span class='ocrx_word' id='word_1_64' title='bbox 269 1144 622 1215; x_wconf 81' lang='grc' dir='ltr'><strong><em>τικροτοῦντο</em></strong></span> <span class='ocrx_word' id='word_1_65' title='bbox 661 1141 722 1195; x_wconf 71' lang='grc' dir='ltr'><strong>δ’</strong></span> <span class='ocrx_word' id='word_1_66' title='bbox 763 1145 820 1197; x_wconf 83' lang='grc' dir='ltr'><strong>οἱ</strong></span> <span class='ocrx_word' id='word_1_67' title='bbox 854 1141 1043 1214; x_wconf 80' lang='grc' dir='ltr'><strong><em>γάμοι.</em></strong></span> <span class='ocrx_word' id='word_1_68' title='bbox 1135 1148 1374 1211; x_wconf 83' lang='lat' dir='ltr'><strong>Photius‚</strong></span> <span class='ocrx_word' id='word_1_69' title='bbox 1427 1141 1931 1218; x_wconf 70' lang='grc' dir='ltr'><strong><em>Ἠρτικροτοῦντοε</em></strong></span> <span class='ocrx_word' id='word_1_70' title='bbox 1990 1168 2128 1206; x_wconf 86' lang='grc' dir='ltr'><strong><em>συν-</em></strong></span> 
     </span>
     <span class='ocr_line' id='line_1_11' title="bbox 269 1229 1771 1306; baseline 0.005 -21"><span class='ocrx_word' id='word_1_71' title='bbox 269 1229 552 1305; x_wconf 77' lang='grc' dir='ltr'><strong><em>εφώνουν.</em></strong></span> <span class='ocrx_word' id='word_1_72' title='bbox 624 1236 767 1291; x_wconf 83' lang='lat' dir='ltr'><strong>Vidit</strong></span> <span class='ocrx_word' id='word_1_73' title='bbox 802 1237 957 1288; x_wconf 88' lang='lat' dir='ltr'><strong>etiam</strong></span> <span class='ocrx_word' id='word_1_74' title='bbox 994 1235 1263 1290; x_wconf 85' lang='lat' dir='ltr'><strong>Dobraeus</strong></span> <span class='ocrx_word' id='word_1_75' title='bbox 1300 1237 1432 1290; x_wconf 77' lang='grc' dir='ltr'><strong>Λᾶν.</strong></span> <span class='ocrx_word' id='word_1_76' title='bbox 1471 1238 1519 1289; x_wconf 92' lang='lat' dir='ltr'><strong>II</strong></span> <span class='ocrx_word' id='word_1_77' title='bbox 1555 1255 1608 1306; x_wconf 84' lang='lat' dir='ltr'><strong>p.</strong></span> <span class='ocrx_word' id='word_1_78' title='bbox 1644 1238 1771 1293; x_wconf 80' lang='lat'><strong>593.</strong></span> 
     </span>
    </p>
   </div>
   <div class='ocr_carea' id='block_1_5' title="bbox 1035 1377 1358 1430">
    <p class='ocr_par' dir='ltr' id='par_1_5' title="bbox 1035 1377 1358 1430">
     <span class='ocr_line' id='line_1_12' title="bbox 1035 1377 1358 1430; baseline -0.003 0"><span class='ocrx_word' id='word_1_79' title='bbox 1035 1377 1358 1430; x_wconf 74' lang='lat' dir='ltr'><strong>cccxxxi.</strong></span> 
     </span>
    </p>
   </div>
   <div class='ocr_carea' id='block_1_6' title="bbox 252 1478 2129 2264">
    <p class='ocr_par' dir='ltr' id='par_1_6' title="bbox 252 1478 2129 2264">
     <span class='ocr_line' id='line_1_13' title="bbox 405 1478 2129 1556; baseline 0.002 -18"><span class='ocrx_word' id='word_1_80' title='bbox 405 1484 744 1541; x_wconf 86' lang='lat' dir='ltr'><strong>Herodianus</strong></span> <span class='ocrx_word' id='word_1_81' title='bbox 794 1484 1083 1537; x_wconf 74' lang='lat' dir='ltr'><strong>Her-manni</strong></span> <span class='ocrx_word' id='word_1_82' title='bbox 1138 1501 1190 1552; x_wconf 85' lang='lat' dir='ltr'><strong>p.</strong></span> <span class='ocrx_word' id='word_1_83' title='bbox 1229 1485 1361 1535; x_wconf 78' lang='lat'>817:</span> <span class='ocrx_word' id='word_1_84' title='bbox 1406 1478 1437 1534; x_wconf 86' lang='grc' dir='ltr'>ὁ</span> <span class='ocrx_word' id='word_1_85' title='bbox 1487 1481 1818 1556; x_wconf 80' lang='grc' dir='ltr'><strong><em>Μένανδρος</em></strong></span> <span class='ocrx_word' id='word_1_86' title='bbox 1863 1481 1978 1539; x_wconf 86' lang='grc' dir='ltr'><strong>άπὸ</strong></span> <span class='ocrx_word' id='word_1_87' title='bbox 2027 1485 2129 1541; x_wconf 86' lang='grc' dir='ltr'><strong>τοῦ</strong></span> 
     </span>
     <span class='ocr_line' id='line_1_14' title="bbox 263 1562 2128 1642; baseline 0.003 -18"><span class='ocrx_word' id='word_1_88' title='bbox 263 1562 401 1625; x_wconf 77' lang='grc' dir='ltr'><strong><em>οἶδῷ</em></strong></span> <span class='ocrx_word' id='word_1_89' title='bbox 437 1569 539 1624; x_wconf 87' lang='grc' dir='ltr'><strong>τὸν</strong></span> <span class='ocrx_word' id='word_1_90' title='bbox 575 1569 956 1642; x_wconf 83' lang='grc' dir='ltr'><strong><em>παρατατικόν</em></strong></span> <span class='ocrx_word' id='word_1_91' title='bbox 990 1568 1292 1640; x_wconf 76' lang='grc' dir='ltr'><strong><em>μετέβαλεν</em></strong></span> <span class='ocrx_word' id='word_1_92' title='bbox 1325 1563 1401 1633; x_wconf 75' lang='grc' dir='ltr'><strong>εἰς</strong></span> <span class='ocrx_word' id='word_1_93' title='bbox 1435 1568 1499 1624; x_wconf 88' lang='grc' dir='ltr'><strong>τὸ</strong></span> <span class='ocrx_word' id='word_1_94' title='bbox 1539 1592 1598 1637; x_wconf 89' lang='grc' dir='ltr'><strong>ω,</strong></span> <span class='ocrx_word' id='word_1_95' title='bbox 1636 1567 1803 1626; x_wconf 78' lang='grc' dir='ltr'><strong><em>εἰπών</em></strong></span> <span class='ocrx_word' id='word_1_96' title='bbox 1829 1570 2128 1629; x_wconf 82' lang='grc' dir='ltr'><strong><em>’Ώιδουν</em></strong></span> 
     </span>
     <span class='ocr_line' id='line_1_15' title="bbox 263 1656 2124 1732; baseline 0.003 -19"><span class='ocrx_word' id='word_1_97' title='bbox 263 1656 323 1713; x_wconf 78' lang='grc' dir='ltr'><strong>τ’</strong></span> <span class='ocrx_word' id='word_1_98' title='bbox 362 1660 434 1712; x_wconf 86' lang='grc' dir='ltr'><strong>ἐν</strong></span> <span class='ocrx_word' id='word_1_99' title='bbox 470 1658 758 1732; x_wconf 86' lang='grc' dir='ltr'><strong><em>ἐμαυτῷ.</em></strong></span> <span class='ocrx_word' id='word_1_100' title='bbox 809 1662 1011 1715; x_wconf 87' lang='lat' dir='ltr'><strong>Eadem</strong></span> <span class='ocrx_word' id='word_1_101' title='bbox 1047 1661 1246 1712; x_wconf 86' lang='lat' dir='ltr'><strong>Aneed.</strong></span> <span class='ocrx_word' id='word_1_102' title='bbox 1288 1662 1459 1714; x_wconf 86' lang='lat' dir='ltr'><strong>Cram.</strong></span> <span class='ocrx_word' id='word_1_103' title='bbox 1498 1663 1576 1714; x_wconf 89' lang='lat'><strong>111</strong></span> <span class='ocrx_word' id='word_1_104' title='bbox 1614 1681 1665 1731; x_wconf 88' lang='lat' dir='ltr'><strong>p.</strong></span> <span class='ocrx_word' id='word_1_105' title='bbox 1703 1667 1808 1716; x_wconf 80' lang='lat'><strong>260</strong></span> <span class='ocrx_word' id='word_1_106' title='bbox 1849 1666 1934 1718; x_wconf 84' lang='lat'><strong>13.</strong></span> <span class='ocrx_word' id='word_1_107' title='bbox 1990 1668 2124 1719; x_wconf 84' lang='lat' dir='ltr'><strong>For-</strong></span> 
     </span>
     <span class='ocr_line' id='line_1_16' title="bbox 262 1742 2124 1824; baseline 0.003 -22"><span class='ocrx_word' id='word_1_108' title='bbox 262 1755 401 1803; x_wconf 87' lang='lat' dir='ltr'><strong>tasse</strong></span> <span class='ocrx_word' id='word_1_109' title='bbox 438 1743 668 1819; x_wconf 79' lang='grc' dir='ltr'><strong><em>ᾤδουν</em></strong></span> <span class='ocrx_word' id='word_1_110' title='bbox 705 1745 807 1800; x_wconf 80' lang='grc' dir='ltr'><strong>ἐπ’</strong></span> <span class='ocrx_word' id='word_1_111' title='bbox 831 1745 1107 1820; x_wconf 88' lang='grc' dir='ltr'><strong><em>ἐμαυτῷ</em></strong></span> <span class='ocrx_word' id='word_1_112' title='bbox 1143 1750 1227 1801; x_wconf 87' lang='lat' dir='ltr'><strong>vel</strong></span> <span class='ocrx_word' id='word_1_113' title='bbox 1266 1742 1486 1819; x_wconf 77' lang='grc' dir='ltr'><strong><em>ᾤδουν</em></strong></span> <span class='ocrx_word' id='word_1_114' title='bbox 1526 1747 1828 1824; x_wconf 86' lang='grc' dir='ltr'><strong><em>ἐμαυτῷ,</em></strong></span> <span class='ocrx_word' id='word_1_115' title='bbox 1857 1756 1972 1822; x_wconf 79' lang='lat' dir='ltr'><strong>ipse</strong></span> <span class='ocrx_word' id='word_1_116' title='bbox 1990 1756 2124 1807; x_wconf 75' lang='lat' dir='ltr'><strong>mihi</strong></span> 
     </span>
     <span class='ocr_line' id='line_1_17' title="bbox 262 1834 2121 1912; baseline 0.003 -24"><span class='ocrx_word' id='word_1_117' title='bbox 262 1838 549 1901; x_wconf 66' lang='lat' dir='ltr'><strong>irascebar.</strong></span> <span class='ocrx_word' id='word_1_118' title='bbox 624 1838 745 1889; x_wconf 82' lang='lat' dir='ltr'><strong>Huc</strong></span> <span class='ocrx_word' id='word_1_119' title='bbox 781 1838 924 1890; x_wconf 79' lang='lat' dir='ltr'><strong>refer</strong></span> <span class='ocrx_word' id='word_1_120' title='bbox 961 1835 1214 1904; x_wconf 80' lang='lat' dir='ltr'><strong>Hesychii</strong></span> <span class='ocrx_word' id='word_1_121' title='bbox 1251 1839 1504 1904; x_wconf 84' lang='lat' dir='ltr'><strong>glossam,</strong></span> <span class='ocrx_word' id='word_1_122' title='bbox 1542 1834 1861 1893; x_wconf 80' lang='grc' dir='ltr'><strong><em>’Ώιὸουν;</em></strong></span> <span class='ocrx_word' id='word_1_123' title='bbox 1898 1835 2121 1912; x_wconf 73' lang='grc' dir='ltr'><strong><em>ὠργιζό-</em></strong></span> 
     </span>
     <span class='ocr_line' id='line_1_18' title="bbox 258 1916 2119 1998; baseline 0.004 -24"><span class='ocrx_word' id='word_1_124' title='bbox 258 1929 389 1994; x_wconf 56' lang='grc' dir='ltr'><strong><em>μην.</em></strong></span> <span class='ocrx_word' id='word_1_125' title='bbox 426 1923 485 1975; x_wconf 82' lang='grc' dir='ltr'><strong>ἐν</strong></span> <span class='ocrx_word' id='word_1_126' title='bbox 520 1921 695 1996; x_wconf 80' lang='grc' dir='ltr'><strong><em>ἐαυτῷ</em></strong></span> <span class='ocrx_word' id='word_1_127' title='bbox 728 1920 1092 1992; x_wconf 77' lang='grc' dir='ltr'><strong><em>ἠγανάκτουν,</em></strong></span> <span class='ocrx_word' id='word_1_128' title='bbox 1129 1916 1167 1987; x_wconf 81' lang='grc' dir='ltr'><em>ἢ</em></span> <span class='ocrx_word' id='word_1_129' title='bbox 1202 1918 1434 1996; x_wconf 87' lang='grc' dir='ltr'><strong><em>ἐμαυτῷ.</em></strong></span> <span class='ocrx_word' id='word_1_130' title='bbox 1474 1926 1656 1983; x_wconf 81' lang='lat' dir='ltr'><strong>Scribe</strong></span> <span class='ocrx_word' id='word_1_131' title='bbox 1681 1921 1989 1980; x_wconf 80' lang='grc' dir='ltr'><strong><em>”.Ωιδουν</em></strong></span> <span class='ocrx_word' id='word_1_132' title='bbox 2009 1929 2119 1998; x_wconf 86' lang='grc' dir='ltr'><strong>(ἐν)</strong></span> 
     </span>
     <span class='ocr_line' id='line_1_19' title="bbox 259 2007 2120 2087; baseline 0.002 -21"><span class='ocrx_word' id='word_1_133' title='bbox 259 2014 287 2066; x_wconf 84' lang='grc' dir='ltr'><strong><em>ἐ</em></strong></span> <span class='ocrx_word' id='word_1_134' title='bbox 297 2031 388 2082; x_wconf 93' lang='grc' dir='ltr'><strong>μα</strong></span> <span class='ocrx_word' id='word_1_135' title='bbox 404 2010 537 2085; x_wconf 87' lang='grc' dir='ltr'><strong><em>υτῷ</em></strong></span> <span class='ocrx_word' id='word_1_136' title='bbox 549 2032 563 2066; x_wconf 84' lang='lat'><em>=</em></span> <span class='ocrx_word' id='word_1_137' title='bbox 601 2007 965 2079; x_wconf 76' lang='grc' dir='ltr'><strong><em>ἠγανάκτουν.</em></strong></span> <span class='ocrx_word' id='word_1_138' title='bbox 1002 2015 1101 2067; x_wconf 87' lang='lat' dir='ltr'><strong>Vel</strong></span> <span class='ocrx_word' id='word_1_139' title='bbox 1131 2014 1283 2064; x_wconf 89' lang='lat' dir='ltr'><strong>etiam</strong></span> <span class='ocrx_word' id='word_1_140' title='bbox 1314 2015 1406 2077; x_wconf 85' lang='lat' dir='ltr'><strong>sic,</strong></span> <span class='ocrx_word' id='word_1_141' title='bbox 1432 2007 1516 2063; x_wconf 73' lang='lat'><strong>“52</strong></span> <span class='ocrx_word' id='word_1_142' title='bbox 1533 2032 1551 2065; x_wconf 88' lang='grc' dir='ltr'><em>ι</em></span> <span class='ocrx_word' id='word_1_143' title='bbox 1566 2013 1599 2064; x_wconf 85' lang='grc' dir='ltr'><em>δ</em></span> <span class='ocrx_word' id='word_1_144' title='bbox 1613 2031 1643 2066; x_wconf 97' lang='grc' dir='ltr'><em>ο</em></span> <span class='ocrx_word' id='word_1_145' title='bbox 1661 2032 1736 2066; x_wconf 79' lang='lat' dir='ltr'><strong>vv</strong></span> <span class='ocrx_word' id='word_1_146' title='bbox 1752 2054 1767 2079; x_wconf 85' lang='lat'><em>,</em></span> <span class='ocrx_word' id='word_1_147' title='bbox 1793 2012 2120 2087; x_wconf 75' lang='grc' dir='ltr'><strong><em>ὠργιζόμην,</em></strong></span> 
     </span>
     <span class='ocr_line' id='line_1_20' title="bbox 256 2094 2120 2176; baseline 0.004 -23"><span class='ocrx_word' id='word_1_148' title='bbox 256 2094 565 2174; x_wconf 86' lang='grc' dir='ltr'><strong><em>ἐμαυτῷ,</em></strong></span> <span class='ocrx_word' id='word_1_149' title='bbox 613 2096 965 2167; x_wconf 78' lang='grc' dir='ltr'><strong><em>ἠγανάκτουν</em></strong></span> <span class='ocrx_word' id='word_1_150' title='bbox 1013 2097 1246 2171; x_wconf 85' lang='grc' dir='ltr'><strong><em>ἐμαυτῷ.</em></strong></span> <span class='ocrx_word' id='word_1_151' title='bbox 1333 2102 1607 2155; x_wconf 62' lang='grc' dir='ltr'><strong>Νοητατο</strong></span> <span class='ocrx_word' id='word_1_152' title='bbox 1645 2106 1784 2158; x_wconf 90' lang='lat' dir='ltr'><strong>enim</strong></span> <span class='ocrx_word' id='word_1_153' title='bbox 1822 2104 2120 2176; x_wconf 76' lang='lat' dir='ltr'><strong>Hesychius</strong></span> 
     </span>
     <span class='ocr_line' id='line_1_21' title="bbox 252 2188 1746 2264; baseline 0.001 -20"><span class='ocrx_word' id='word_1_154' title='bbox 252 2188 454 2262; x_wconf 79' lang='grc' dir='ltr'><strong><em>χρῆσιν</em></strong></span> <span class='ocrx_word' id='word_1_155' title='bbox 489 2192 714 2264; x_wconf 77' lang='lat' dir='ltr'><strong>aliquam</strong></span> <span class='ocrx_word' id='word_1_156' title='bbox 749 2192 1057 2262; x_wconf 79' lang='lat' dir='ltr'><strong>interposito</strong></span> <span class='ocrx_word' id='word_1_157' title='bbox 1094 2192 1410 2261; x_wconf 84' lang='lat' dir='ltr'><strong>glossemate</strong></span> <span class='ocrx_word' id='word_1_158' title='bbox 1449 2192 1658 2245; x_wconf 81' lang='lat' dir='ltr'><strong>dirimit.</strong></span> <span class='ocrx_word' id='word_1_159' title='bbox 1695 2196 1746 2260; x_wconf 79' lang='grc'><strong>*)</strong></span> 
     </span>
    </p>
   </div>
   <div class='ocr_carea' id='block_1_7' title="bbox 1011 2345 1363 2397">
    <p class='ocr_par' dir='ltr' id='par_1_7' title="bbox 1011 2345 1363 2397">
     <span class='ocr_line' id='line_1_22' title="bbox 1011 2345 1363 2397; baseline 0.003 -2"><span class='ocrx_word' id='word_1_160' title='bbox 1011 2345 1363 2397; x_wconf 82' lang='lat' dir='ltr'><strong>cccxxxll.</strong></span> 
     </span>
    </p>
   </div>
   <div class='ocr_carea' id='block_1_8' title="bbox 254 2438 2133 2786">
    <p class='ocr_par' dir='ltr' id='par_1_8' title="bbox 254 2438 2133 2786">
     <span class='ocr_line' id='line_1_23' title="bbox 397 2438 2110 2521; baseline 0.003 -17"><span class='ocrx_word' id='word_1_161' title='bbox 397 2452 691 2504; x_wconf 80' lang='lat' dir='ltr'><strong>Scholiasta</strong></span> <span class='ocrx_word' id='word_1_162' title='bbox 746 2450 1015 2517; x_wconf 85' lang='lat' dir='ltr'><strong>Aristoph.</strong></span> <span class='ocrx_word' id='word_1_163' title='bbox 1063 2452 1158 2503; x_wconf 85' lang='lat' dir='ltr'><strong>Av.</strong></span> <span class='ocrx_word' id='word_1_164' title='bbox 1199 2451 1368 2502; x_wconf 81' lang='lat'>1740:</span> <span class='ocrx_word' id='word_1_165' title='bbox 1413 2443 1639 2518; x_wconf 72' lang='grc' dir='ltr'><strong>’Υμὴν</strong></span> <span class='ocrx_word' id='word_1_166' title='bbox 1685 2438 1729 2502; x_wconf 65' lang='grc' dir='ltr'><strong>αἶ</strong></span> <span class='ocrx_word' id='word_1_167' title='bbox 1773 2447 2110 2521; x_wconf 79' lang='grc' dir='ltr'><strong><em>’Υμέναιε.</em></strong></span> 
     </span>
     <span class='ocr_line' id='line_1_24' title="bbox 254 2532 2113 2612; baseline 0.003 -24"><span class='ocrx_word' id='word_1_168' title='bbox 254 2532 420 2612; x_wconf 76' lang='grc' dir='ltr'><strong><em>ᾔδετο</em></strong></span> <span class='ocrx_word' id='word_1_169' title='bbox 465 2537 628 2590; x_wconf 83' lang='grc' dir='ltr'><strong><em>τοῦτο</em></strong></span> <span class='ocrx_word' id='word_1_170' title='bbox 665 2536 724 2589; x_wconf 84' lang='grc' dir='ltr'><strong>ἐν</strong></span> <span class='ocrx_word' id='word_1_171' title='bbox 759 2533 973 2606; x_wconf 79' lang='grc' dir='ltr'><strong><em>γάμοις.</em></strong></span> <span class='ocrx_word' id='word_1_172' title='bbox 1044 2535 1256 2607; x_wconf 50' lang='grc' dir='ltr'><strong>(εἴρηται</strong></span> <span class='ocrx_word' id='word_1_173' title='bbox 1294 2535 1354 2587; x_wconf 81' lang='grc' dir='ltr'><strong>δὲ</strong></span> <span class='ocrx_word' id='word_1_174' title='bbox 1402 2535 1565 2590; x_wconf 79' lang='grc' dir='ltr'><strong><em>τοῦτο</em></strong></span> <span class='ocrx_word' id='word_1_175' title='bbox 1616 2539 1712 2590; x_wconf 86' lang='grc' dir='ltr'><strong>καὶ</strong></span> <span class='ocrx_word' id='word_1_176' title='bbox 1746 2537 1805 2590; x_wconf 87' lang='grc' dir='ltr'><strong>ἐν</strong></span> <span class='ocrx_word' id='word_1_177' title='bbox 1841 2542 1955 2603; x_wconf 87' lang='grc' dir='ltr'><strong><em>τοῖς</em></strong></span> <span class='ocrx_word' id='word_1_178' title='bbox 1992 2543 2113 2594; x_wconf 81' lang='grc' dir='ltr'><strong>Με-</strong></span> 
     </span>
     <span class='ocr_line' id='line_1_25' title="bbox 259 2626 2133 2697; baseline 0.005 -20"><span class='ocrx_word' id='word_1_179' title='bbox 259 2626 582 2697; x_wconf 68' lang='grc' dir='ltr'><strong><em>νανδρείοις,</em></strong></span> <span class='ocrx_word' id='word_1_180' title='bbox 619 2629 656 2680; x_wconf 85' lang='lat' dir='ltr'><strong>i.</strong></span> <span class='ocrx_word' id='word_1_181' title='bbox 696 2646 742 2680; x_wconf 90' lang='lat' dir='ltr'><strong>e.</strong></span> <span class='ocrx_word' id='word_1_182' title='bbox 781 2628 835 2679; x_wconf 92' lang='lat' dir='ltr'><strong>in</strong></span> <span class='ocrx_word' id='word_1_183' title='bbox 873 2628 1085 2680; x_wconf 87' lang='lat' dir='ltr'><strong>scholiis</strong></span> <span class='ocrx_word' id='word_1_184' title='bbox 1122 2628 1478 2693; x_wconf 88' lang='lat' dir='ltr'><strong>Menandreis,</strong></span> <span class='ocrx_word' id='word_1_185' title='bbox 1517 2629 1583 2681; x_wconf 90' lang='lat' dir='ltr'><strong>de</strong></span> <span class='ocrx_word' id='word_1_186' title='bbox 1620 2630 1805 2696; x_wconf 83' lang='lat' dir='ltr'><strong>quibus</strong></span> <span class='ocrx_word' id='word_1_187' title='bbox 1843 2631 1945 2683; x_wconf 84' lang='lat' dir='ltr'><strong>dixi</strong></span> <span class='ocrx_word' id='word_1_188' title='bbox 1985 2633 2133 2687; x_wconf 65' lang='lat' dir='ltr'><strong>edit-</strong></span> 
     </span>
     <span class='ocr_line' id='line_1_26' title="bbox 259 2716 1357 2786; baseline -0.001 -16"><span class='ocrx_word' id='word_1_189' title='bbox 259 2719 383 2770; x_wconf 83' lang='lat' dir='ltr'><strong>mai.</strong></span> <span class='ocrx_word' id='word_1_190' title='bbox 426 2736 477 2786; x_wconf 85' lang='lat' dir='ltr'><strong>p.</strong></span> <span class='ocrx_word' id='word_1_191' title='bbox 512 2717 739 2769; x_wconf 86' lang='lat' dir='ltr'>XXXIII</span> <span class='ocrx_word' id='word_1_192' title='bbox 779 2723 833 2768; x_wconf 84' lang='lat' dir='ltr'><strong>et.</strong></span> <span class='ocrx_word' id='word_1_193' title='bbox 867 2716 1005 2769; x_wconf 89' lang='lat' dir='ltr'><strong>Hist.</strong></span> <span class='ocrx_word' id='word_1_194' title='bbox 1045 2717 1158 2768; x_wconf 88' lang='lat' dir='ltr'><strong>crit.</strong></span> <span class='ocrx_word' id='word_1_195' title='bbox 1195 2733 1247 2784; x_wconf 86' lang='lat' dir='ltr'><strong>p.</strong></span> <span class='ocrx_word' id='word_1_196' title='bbox 1271 2717 1357 2770; x_wconf 80' lang='lat'><strong>14.</strong></span> 
     </span>
    </p>
   </div>
   <div class='ocr_carea' id='block_1_9' title="bbox 975 2857 1352 2911">
    <p class='ocr_par' dir='ltr' id='par_1_9' title="bbox 975 2857 1352 2911">
     <span class='ocr_line' id='line_1_27' title="bbox 975 2857 1352 2911; baseline 0 -1"><span class='ocrx_word' id='word_1_197' title='bbox 975 2857 1276 2910; x_wconf 74' lang='lat' dir='ltr'><strong>cccxxxi</strong></span> <span class='ocrx_word' id='word_1_198' title='bbox 1287 2860 1352 2911; x_wconf 75' lang='lat'><strong>11&#39;.</strong></span> 
     </span>
    </p>
   </div>
   <div class='ocr_carea' id='block_1_10' title="bbox 393 2957 2107 3035">
    <p class='ocr_par' dir='ltr' id='par_1_10' title="bbox 393 2957 2107 3035">
     <span class='ocr_line' id='line_1_28' title="bbox 393 2957 2107 3035; baseline 0 -19"><span class='ocrx_word' id='word_1_199' title='bbox 393 2966 661 3017; x_wconf 87' lang='lat' dir='ltr'><strong>Zenobius</strong></span> <span class='ocrx_word' id='word_1_200' title='bbox 700 2966 772 3019; x_wconf 94' lang='lat' dir='ltr'><strong>lV</strong></span> <span class='ocrx_word' id='word_1_201' title='bbox 810 2965 896 3016; x_wconf 81' lang='lat'><strong>63.</strong></span> <span class='ocrx_word' id='word_1_202' title='bbox 949 2957 1165 3031; x_wconf 81' lang='grc' dir='ltr'><em>Κριὸς</em></span> <span class='ocrx_word' id='word_1_203' title='bbox 1210 2960 1491 3035; x_wconf 68' lang='grc' dir='ltr'><strong><em>τροφεῖ’</em></strong></span> <span class='ocrx_word' id='word_1_204' title='bbox 1532 2960 1887 3019; x_wconf 79' lang='grc' dir='ltr'><strong><em>άπὲτισεν;</em></strong></span> <span class='ocrx_word' id='word_1_205' title='bbox 1924 2960 1958 3028; x_wconf 82' lang='grc' dir='ltr'><strong><em>ἡ</em></strong></span> <span class='ocrx_word' id='word_1_206' title='bbox 1998 2984 2107 3017; x_wconf 86' lang='grc' dir='ltr'><strong>πα-</strong></span> 
     </span>
    </p>
   </div>
   <div class='ocr_carea' id='block_1_11' title="bbox 257 3084 591 3096">
    <p class='ocr_par' dir='ltr' id='par_1_11' title="bbox 257 3084 591 3096">
     <span class='ocr_line' id='line_1_29' title="bbox 257 3084 591 3096; baseline 0 822"><span class='ocrx_word' id='word_1_207' title='bbox 257 3084 591 3096; x_wconf 95' lang='lat' dir='ltr'><strong> </strong></span> 
     </span>
    </p>
   </div>
   <div class='ocr_carea' id='block_1_12' title="bbox 243 3142 2152 3505">
    <p class='ocr_par' dir='ltr' id='par_1_12' title="bbox 243 3142 2152 3505">
     <span class='ocr_line' id='line_1_30' title="bbox 361 3142 2152 3207; baseline 0.002 -20"><span class='ocrx_word' id='word_1_208' title='bbox 361 3147 405 3202; x_wconf 73' lang='lat'><strong>*)</strong></span> <span class='ocrx_word' id='word_1_209' title='bbox 436 3146 507 3188; x_wconf 82' lang='lat' dir='ltr'><strong>En</strong></span> <span class='ocrx_word' id='word_1_210' title='bbox 539 3148 783 3203; x_wconf 79' lang='lat' dir='ltr'><strong>exemplum</strong></span> <span class='ocrx_word' id='word_1_211' title='bbox 817 3149 898 3190; x_wconf 85' lang='lat' dir='ltr'><strong>vol.</strong></span> <span class='ocrx_word' id='word_1_212' title='bbox 929 3147 970 3189; x_wconf 87' lang='lat' dir='ltr'><strong>II</strong></span> <span class='ocrx_word' id='word_1_213' title='bbox 998 3162 1042 3203; x_wconf 92' lang='lat' dir='ltr'><strong>p.</strong></span> <span class='ocrx_word' id='word_1_214' title='bbox 1065 3145 1174 3190; x_wconf 82' lang='lat'>532:</span> <span class='ocrx_word' id='word_1_215' title='bbox 1207 3144 1525 3203; x_wconf 65' lang='lat' dir='ltr'><strong>Matociunpov</strong></span> <span class='ocrx_word' id='word_1_216' title='bbox 1553 3145 1728 3196; x_wconf 78' lang='grc' dir='ltr'><strong><em>ἁπαλῶς</em></strong></span> <span class='ocrx_word' id='word_1_217' title='bbox 1756 3142 1934 3202; x_wconf 76' lang='grc' dir='ltr'><strong><em>ἤσθιον.</em></strong></span> <span class='ocrx_word' id='word_1_218' title='bbox 1963 3149 2105 3191; x_wconf 80' lang='lat' dir='ltr'><strong>Acute</strong></span> <span class='ocrx_word' id='word_1_219' title='bbox 2148 3200 2152 3207; x_wconf 27' lang='grc' dir='ltr'>ἱ</span> 
     </span>
     <span class='ocr_line' id='line_1_31' title="bbox 245 3211 2105 3278; baseline 0.001 -12"><span class='ocrx_word' id='word_1_220' title='bbox 245 3221 427 3266; x_wconf 84' lang='lat' dir='ltr'><strong>Vossius</strong></span> <span class='ocrx_word' id='word_1_221' title='bbox 460 3218 747 3274; x_wconf 73' lang='grc' dir='ltr'><strong><em>Μάλθαν,</em></strong></span> <span class='ocrx_word' id='word_1_222' title='bbox 782 3218 916 3278; x_wconf 82' lang='grc' dir='ltr'><strong><em>κηρὸν</em></strong></span> <span class='ocrx_word' id='word_1_223' title='bbox 948 3211 1151 3275; x_wconf 53' lang='grc' dir='ltr'><strong><em>ἆπαῖὀνζ</em></strong></span> <span class='ocrx_word' id='word_1_224' title='bbox 1174 3222 1406 3277; x_wconf 74' lang='grc' dir='ltr'><strong><em>ἤσθιον.</em></strong></span> <span class='ocrx_word' id='word_1_225' title='bbox 1436 3225 1532 3267; x_wconf 88' lang='lat' dir='ltr'><strong>Nec</strong></span> <span class='ocrx_word' id='word_1_226' title='bbox 1563 3225 1833 3267; x_wconf 88' lang='lat' dir='ltr'><strong>dubitassent</strong></span> <span class='ocrx_word' id='word_1_227' title='bbox 1862 3223 1918 3266; x_wconf 92' lang='lat' dir='ltr'><strong>de</strong></span> <span class='ocrx_word' id='word_1_228' title='bbox 1950 3237 2105 3267; x_wconf 76' lang='lat' dir='ltr'><strong>emen-</strong></span> 
     </span>
     <span class='ocr_line' id='line_1_32' title="bbox 251 3291 2104 3355; baseline 0.002 -15"><span class='ocrx_word' id='word_1_229' title='bbox 251 3297 436 3340; x_wconf 83' lang='lat' dir='ltr'><strong>dationis</strong></span> <span class='ocrx_word' id='word_1_230' title='bbox 455 3296 653 3350; x_wconf 83' lang='lat' dir='ltr'><strong>veritate,</strong></span> <span class='ocrx_word' id='word_1_231' title='bbox 685 3297 723 3339; x_wconf 92' lang='lat' dir='ltr'><strong>si</strong></span> <span class='ocrx_word' id='word_1_232' title='bbox 753 3299 910 3350; x_wconf 89' lang='lat' dir='ltr'><strong>locum,</strong></span> <span class='ocrx_word' id='word_1_233' title='bbox 941 3311 998 3339; x_wconf 89' lang='lat' dir='ltr'><strong>ex</strong></span> <span class='ocrx_word' id='word_1_234' title='bbox 1016 3311 1102 3353; x_wconf 88' lang='lat' dir='ltr'><strong>quo</strong></span> <span class='ocrx_word' id='word_1_235' title='bbox 1126 3296 1346 3340; x_wconf 80' lang='lat' dir='ltr'><strong>fluxerunt</strong></span> <span class='ocrx_word' id='word_1_236' title='bbox 1363 3300 1494 3341; x_wconf 86' lang='lat' dir='ltr'><strong>verba</strong></span> <span class='ocrx_word' id='word_1_237' title='bbox 1522 3299 1708 3355; x_wconf 79' lang='grc' dir='ltr'><strong><em>μάλθαν</em></strong></span> <span class='ocrx_word' id='word_1_238' title='bbox 1735 3291 1917 3355; x_wconf 54' lang='lat' dir='ltr'><strong>iio-9201»,</strong></span> <span class='ocrx_word' id='word_1_239' title='bbox 1948 3301 2104 3354; x_wconf 83' lang='lat' dir='ltr'><strong>cogni-</strong></span> 
     </span>
     <span class='ocr_line' id='line_1_33' title="bbox 244 3371 2102 3433; baseline 0.002 -17"><span class='ocrx_word' id='word_1_240' title='bbox 244 3378 338 3416; x_wconf 85' lang='lat' dir='ltr'><strong>tum</strong></span> <span class='ocrx_word' id='word_1_241' title='bbox 367 3372 638 3415; x_wconf 83' lang='lat' dir='ltr'><strong>habuissent.</strong></span> <span class='ocrx_word' id='word_1_242' title='bbox 696 3372 775 3415; x_wconf 83' lang='lat' dir='ltr'><strong>Est</strong></span> <span class='ocrx_word' id='word_1_243' title='bbox 807 3372 844 3415; x_wconf 87' lang='lat' dir='ltr'><strong>is</strong></span> <span class='ocrx_word' id='word_1_244' title='bbox 861 3373 1166 3429; x_wconf 82' lang='lat' dir='ltr'><strong>Aristophanis</strong></span> <span class='ocrx_word' id='word_1_245' title='bbox 1195 3387 1361 3426; x_wconf 81' lang='lat' dir='ltr'><strong>versuS,</strong></span> <span class='ocrx_word' id='word_1_246' title='bbox 1389 3371 1468 3426; x_wconf 83' lang='grc' dir='ltr'><strong>τὴν</strong></span> <span class='ocrx_word' id='word_1_247' title='bbox 1495 3373 1679 3430; x_wconf 78' lang='grc' dir='ltr'><strong><em>μάλθαν</em></strong></span> <span class='ocrx_word' id='word_1_248' title='bbox 1709 3376 1754 3418; x_wconf 66' lang='grc' dir='ltr'><strong>ἐκ</strong></span> <span class='ocrx_word' id='word_1_249' title='bbox 1783 3378 1869 3415; x_wconf 83' lang='grc' dir='ltr'><strong>τῶν</strong></span> <span class='ocrx_word' id='word_1_250' title='bbox 1899 3389 2102 3433; x_wconf 80' lang='grc' dir='ltr'><strong><em>γραμμα-</em></strong></span> 
     </span>
     <span class='ocr_line' id='line_1_34' title="bbox 243 3442 1899 3505; baseline 0.001 -14"><span class='ocrx_word' id='word_1_251' title='bbox 243 3450 371 3492; x_wconf 76' lang='grc' dir='ltr'><strong><em>τείων</em></strong></span> <span class='ocrx_word' id='word_1_252' title='bbox 400 3442 564 3502; x_wconf 74' lang='grc' dir='ltr'><strong><em>ἤσθιον</em></strong></span> <span class='ocrx_word' id='word_1_253' title='bbox 595 3448 711 3503; x_wconf 86' lang='lat' dir='ltr'><strong>apud</strong></span> <span class='ocrx_word' id='word_1_254' title='bbox 742 3449 968 3491; x_wconf 88' lang='lat' dir='ltr'><strong>Pollucem</strong></span> <span class='ocrx_word' id='word_1_255' title='bbox 999 3450 1041 3491; x_wconf 92' lang='lat' dir='ltr'>X</span> <span class='ocrx_word' id='word_1_256' title='bbox 1071 3447 1131 3493; x_wconf 84' lang='lat'><strong>59</strong></span> <span class='ocrx_word' id='word_1_257' title='bbox 1161 3449 1254 3493; x_wconf 88' lang='lat' dir='ltr'><strong>sive</strong></span> <span class='ocrx_word' id='word_1_258' title='bbox 1284 3449 1399 3505; x_wconf 86' lang='lat' dir='ltr'><strong>apud</strong></span> <span class='ocrx_word' id='word_1_259' title='bbox 1428 3449 1664 3504; x_wconf 84' lang='lat' dir='ltr'><strong>Bergkium</strong></span> <span class='ocrx_word' id='word_1_260' title='bbox 1693 3463 1736 3505; x_wconf 88' lang='lat' dir='ltr'><strong>p.</strong></span> <span class='ocrx_word' id='word_1_261' title='bbox 1768 3449 1899 3496; x_wconf 81' lang='lat'><strong>1007.</strong></span> 
     </span>
    </p>
   </div>
  </div>
 </body>
</html>
