2202 3918
252 209 320 257 10
972 204 1349 257 PHILEMON
1361 205 1422 257 [S

800 383 1111 436 ΕΦΕΔ
1154 383 1265 436 ΡΙ
1308 383 1530 439 ΤΑΙ.

1150 498 1189 549 Ι.

528 596 874 670 Σκιμπόόιον
909 594 969 650 ἓν
1005 599 1101 651 καὶ
1136 597 1339 654 κώδιον
1375 601 1468 654 καὶ
1507 599 1759 672 ψιαθίον

530 706 660 768 ἷσως
697 703 1025 770 παλαιστῆς.

394 816 613 868 Photius
652 831 703 881 p.
724 815 826 866 371
868 817 956 868 24.
994 807 1276 877 Παλαστή
1304 816 1469 882 (sic)=
1504 811 1783 879 θηλυκως.
1829 815 2103 886 Κρατῖνος

252 898 466 972 Νόμοις
503 900 710 964 Μεῖζον
744 899 809 953 τὸ
848 901 975 964 πέος
1012 900 1344 966 παλαιστῆς.
1437 898 1707 972 Φιλήμων
1749 901 2104 977 Ἐφεδρίταις

255 984 602 1061 Σκιμπὸδιον
637 986 752 1041 κτλ.
1149 1062 1200 1113 11

498 1163 765 1219 Χαλεπὸν
800 1162 864 1218 τὸ
900 1166 1098 1233 ποιεῖν,
1135 1163 1202 1217 τὸ
1241 1163 1300 1218 δὲ
1334 1164 1586 1220 κελεῦσαι
1621 1162 1841 1240 ῥᾴδιον.

394 1280 837 1336 8ῐοὴαοι1ειἜ1οτ.
876 1284 1047 1338 cxlv
1084 1285 1118 1335 2
1169 1299 1286 1334 cum
1323 1283 1564 1336 lemmate
1601 1301 1665 1336 ex
1701 1287 1747 1337 A
1789 1274 2106 1349 Φιλήμονος
2200 1347 2202 1351 Ι

248 1366 306 1433 ἐξ
345 1362 800 1438 Ἐφεδριζόντων.
891 1372 1073 1439 ltaque
1120 1372 1351 1423 incertus
1391 1379 1472 1423 est
1507 1373 1718 1425 fabulae
1754 1372 1970 1434 tituluS,
2015 1373 2103 1437 qui
2196 1364 2202 1426 ξ

253 1459 361 1511 sive
391 1451 721 1530 Ἐφεδρῖται
758 1461 841 1512 vel
873 1453 1242 1529 Ἒφεδρισταὶ
1277 1461 1387 1511 sive
1419 1453 1830 1531 Ἐφεδρίζοντες
1865 1460 1998 1522 fuit,
2036 1460 2104 1510 de
2193 1503 2202 1520 Ξ

248 1548 546 1600 hominibus
581 1549 952 1616 intelligendus
988 1539 1194 1599 videtur
1239 1544 1578 1619 ἒφεδρισμὸν
1625 1550 1952 1612 ludentibuS,
2000 1563 2102 1615 quo
2192 1618 2199 1630 -,

252 1637 319 1689 de
358 1637 482 1690 ludo
521 1638 640 1689 vide
676 1653 804 1705 quos
842 1638 995 1690 citavi
1030 1637 1084 1688 in
1123 1637 1247 1689 edit.
1284 1639 1404 1692 mai.
2199 1643 2202 1655 ¹

813 1874 869 1926 E
947 1873 1004 1928 (Ι)
1075 1874 1150 1928 Η
1213 1873 1269 1926 B
1348 1870 1393 1926 O
1465 1871 1534 1928 Σ.

1158 1985 1200 2037 1.

541 2080 620 2137 Οὐ
655 2090 769 2148 τοῖς
806 2085 1035 2140 πλέουσι
1070 2083 1171 2151 τὴν
1207 2083 1510 2139 θάλατταν
1547 2082 1792 2154 γίγνεται

527 2186 753 2261 μόνοισι
780 2188 1001 2261 χειμών,
1037 2188 1111 2254 ὦς
1147 2190 1334 2259 ἔοικεν,
1373 2189 1514 2244 ἀλλὰ
1549 2191 1645 2244 καὶ

530 2299 643 2361 τοῖς
679 2296 1048 2370 περιπατοῦσί
1084 2316 1208 2364 που,
1245 2293 1454 2368 Λάχης,
1491 2296 1549 2350 ἐν
1586 2294 1654 2371 τῇ
1691 2294 1850 2367 στοᾷ,

524 2407 618 2457 καὶ
654 2406 767 2467 τοῖς
800 2405 1075 2475 μένουσιν·
1099 2402 1260 2457 ἔνδον
1302 2404 1360 2457 ἐν
1394 2404 1515 2467 ταῖς
1550 2397 1771 2465 οἰκίαις.

457 2514 492 2566 5
523 2511 611 2581 χοί
650 2514 752 2581 μὲν
787 2511 1039 2574 πλέοντες
1076 2507 1269 2564 ε’νίοθ·’
1305 2507 1515 2582 ἡμέραν
1550 2507 1689 2581 μίαν

531 2613 569 2682 ἦ
604 2617 774 2671 νύκτα
804 2618 1207 2688 χειμασθέντες
1243 2606 1348 2670 εἶτ’
1386 2616 1443 2671 ἐκ
1479 2615 1581 2670 τοῦ
1615 2612 1788 2670 κακοῦ

534 2723 807 2797 σωτηρίας
844 2725 1131 2794 ἐπέτυχον·
1169 2718 1206 2789 ἢ
1243 2718 1308 2777 τὸ
1345 2722 1562 2794 πνεῦμα
1596 2719 1701 2792 γὰρ

535 2829 737 2894 αὐτοὺς
775 2830 834 2886 τό
876 2831 1047 2896 σῶζον
1082 2819 1211 2896 ἧκεν
1247 2825 1284 2895 ἢ
1319 2826 1486 2901 ’φάνη
1523 2823 1710 2898 λιμήν.

531 2937 655 3007 ἐμοὶ
692 2938 750 2990 δὲ
787 2920 941 2992 τοῦτ’
978 2936 1074 2992 οὐκ
1110 2935 1292 2992 ἔστιν·
1328 2933 1427 2989 οὐκ
1463 2929 1539 2997 εἰς
1573 2929 1785 3004 ἡμέραν

428 3049 498 3099 10
526 3039 856 3114 χειμάζομαι
889 3049 1029 3117 μίαν
1063 3042 1185 3119 γάρ,
1222 3038 1299 3106 εἰς
1334 3041 1396 3095 τὸ
1427 3039 1522 3107 ζῆν
1558 3036 1622 3092 δ’
1658 3032 1808 3105 ὅλον,

538 3146 624 3203 ἀεὶ
661 3149 722 3204 τὸ
759 3153 1066 3207 λυπεῖσθαι
1105 3153 1162 3206 δὲ
1198 3150 1378 3220 μεῖζον
1414 3147 1676 3216 γίγνεται.

400 3266 654 3320 Stobaeus
690 3269 833 3320 mor.
873 3270 1094 3323 xcvm
1131 3272 1218 3323 20.
1294 3269 1382 3321 vs.
1418 3269 1452 3318 8
1491 3266 1644 3333 vulgo
1682 3259 1852 3326 σῶζον
1886 3254 1923 3323 ἢ
1956 3258 2095 3327 μένῃ

260 3347 458 3423 ἐφάνη.
509 3357 638 3408 Cod.
677 3358 720 3407 A
759 3352 928 3419 σῶζον
963 3351 1139 3428 ἡμέρα
1175 3349 1374 3426 ἐφάνη.
1420 3354 1728 3409 Emendavit
1763 3352 1995 3406 Koenius
2030 3353 2095 3405 ad
2152 3346 2165 3435 3'

263 3446 420 3514 Greg.
457 3446 577 3498 Cor.
618 3464 667 3514 p.
709 3446 828 3498 146.
2151 3437 2163 3474 ⁹³
