2202 3918
249 185 355 238 ⁵28
613 183 964 239 POSIDII’PI
1003 185 1332 239 FABULAE
1373 184 1753 240 INCERTAE'.

1112 327 1252 381 XVI.

287 504 289 506 ρ
396 432 615 486 Photlus
667 451 715 502 p.
755 435 859 484 193
910 433 994 483 18.
1056 426 1421 500 Κύφωυεςε
1482 426 1677 499 ἱμάτια
1735 441 2016 500 γυναικεῖα
2072 433 2108 502 ἢ

256 517 490 587 χιτῶνος
525 509 692 582 εἶδος.
745 511 936 582 ὀἰ-’τως
972 515 1372 579 Ποσείδιππος.

1090 663 1257 716 XVII.

326 790 329 792 ·
395 770 579 821 Pollux
602 770 674 821 ΙΙΙ
713 770 845 820 101:
882 767 979 819 καὶ
1015 764 1079 819 ’τὸ
1117 762 1298 836 ὄνομα
1334 764 1486 837 παρὰ
1514 763 1827 840 Θουκυδίδῃ
1864 771 1968 834 (111
2006 774 2103 838 20)

252 854 308 907 οὶ
342 853 656 926 ἐπίχαρτοι,
703 851 776 917 ὠς
819 855 916 907 καὶ
962 855 1018 908 οἱ
1060 856 1477 924 καταγέλαστοι.
1551 851 1614 907 τὸ
1649 852 1753 925 γὰρ
1789 854 1941 928 παρὰ
1980 858 2104 910 Πο-

253 940 524 1016 σειδίππῳ
572 941 938 1015 ἐπίχαρμα
988 944 1250 1017 πονηρόν.
1323 945 1591 999 Theocrit.
1631 946 1680 998 II
1720 948 1821 998 20:
1873 946 1969 999 καὶ
2018 947 2107 999 τὶν

252 1030 530 1104 ἐπίχαρμα
570 1034 849 1103 τέτυγμαι.

1080 1107 1273 1160 XVIII.

396 1212 580 1263 Pollux
611 1212 660 1263 X
698 1212 827 1262 1402
867 1210 960 1260 καὶ
998 1206 1162 1279 ξυρὸν
1192 1210 1287 1262 καὶ
1323 1203 1609 1279 ξυροδόχη,
1645 1203 1718 1271 ὥς
1753 1209 1849 1261 καὶ
1884 1206 1944 1260 ἐν
1966 1206 2104 1261 Θεσ-

249 1296 721 1367 μοφοριαζούσαις
772 1292 1193 1368 Ἀριστοφάνης
1244 1300 1357 1364 (vs.
1408 1300 1549 1363 219)
1597 1331 1664 1341 --
1725 1299 1820 1350 καὶ
1868 1293 2106 1367 ὄνυχι-

251 1380 509 1456 στήρια
547 1386 605 1439 δὲ
642 1382 812 1438 λεπτὰ
843 1383 1227 1459 Ποσειδίππῳ.
1302 1389 1378 1440 Ita
1417 1387 1698 1440 Salmasius
1735 1405 1831 1457 pro
1868 1380 2103 1451 ὀνυστή-

253 1491 364 1545 ρια.
441 1478 546 1532 Pro
585 1471 758 1529 λεπτὰ
795 1478 1126 1531 scribendum
1163 1478 1368 1530 videtur
1404 1474 1634 1543 λέγεται.

394 1693 688 1761 Stephanus
726 1693 851 1759 Byz.
891 1708 942 1758 p.
983 1691 1114 1743 154:
1153 1688 1365 1758 λέγεται
1403 1686 1565 1760 βᾶρις
1601 1688 1635 1755 ἡ
1673 1684 1838 1752 οἰκία,
1872 1684 1946 1751 ὥς
1984 1688 2104 1740 Πο-

249 1778 567 1842 σείδιππος,
616 1780 711 1831 καὶ
747 1774 780 1842 ἡ
820 1776 1099 1843 συνοικία,
1135 1773 1209 1840 ὥς
1234 1772 1499 1849 ’Ἔφορος
1572 1783 1876 1835 Ammonius
1912 1798 1964 1847 p.
2003 1781 2101 1830 29:

250 1869 411 1941 βᾶρις
445 1870 548 1938 μὲν
583 1862 688 1938 γάρ
735 1866 888 1920 ἐστιν
924 1860 1237 1934 Αἰγύπτιον
1281 1866 1504 1931 πλοῖον,
1555 1867 1766 1936 λέγεται
1819 1866 1877 1918 δὲ
1922 1866 2016 1917 καὶ
2065 1861 2135 1929 ἦ

248 1954 460 2028 μεγάλη
499 1948 663 2019 οἰκία,
696 1950 770 2016 ὠς
806 1951 914 2006 ὑπὸ
959 1953 1263 2009 Φιλίππου.
1304 1958 1410 2008 Ubi
1447 1963 1591 2008 recte
1614 1957 1982 2010 Valckenarius
2019 1949 2095 2015 ὥς
2195 2015 2197 2018 Α

248 2044 659 2106 Ποσείδιππος,
688 2047 798 2096 sive
836 2045 983 2096 malis
1019 2038 1092 2105 ὥς
1128 2037 1235 2094 ὑπὸ
1256 2040 1662 2108 Ποσειδίππου,
1703 2063 1806 2098 non
1844 2046 2098 2097 comicum
2200 2057 2202 2064 '

247 2140 301 2192 h.
323 2139 356 2188 l.
383 2137 694 2201 intellegens
716 2134 1072 2200 Posidippum,
1110 2135 1203 2186 sed
1240 2135 1667 2202 epigrammatum
1704 2140 1969 2187 auctorem
2005 2151 2098 2185 no·
2194 2126 2202 2191 3,

247 2227 518 2287 tissimum,
555 2239 710 2290 quem
749 2224 905 2274 etiam
943 2223 1044 2273 alio
1082 2223 1200 2273 loco
1239 2223 1312 2286 (v.
1352 2221 1545 2274 Ζέλεια
1582 2243 1631 2292 p.
1654 2226 1784 2287 372)
1823 2223 1888 2274 ad
1924 2228 2099 2289 partes
2188 2194 2202 2289 ἓ

248 2321 397 2365 vocat
448 2313 760 2378 Stephanus·
845 2313 984 2362 Hinc
1034 2313 1239 2378 corrige
1287 2312 1424 2363 Hist.
1473 2314 1587 2365 crit.
1638 2331 1689 2380 p.
1726 2312 1849 2364 484.
1896 2312 1986 2363 ubi
2035 2328 2099 2364 ex
2186 2290 2202 2418 ξ

246 2417 468 2454 recensu
519 2400 812 2450 fabularum
853 2400 1119 2466 Posidippi
1170 2400 1288 2449 dele
1326 2401 1483 2451 etiam
1530 2395 1915 2468 Φιλοσόφους,
1966 2416 2096 2467 quos

244 2506 517 2559 perperam
553 2488 731 2553 recepi
769 2487 1103 2554 exDiogene
1141 2487 1312 2537 Laert.
1356 2487 1452 2539 VII
1491 2489 1578 2540 27.
1630 2489 1718 2541 ubi
1755 2490 1911 2540 verba
1947 2485 2002 2538 οἱ
2040 2484 2098 2537 δὲ
2187 2475 2200 2490 δ’

247 2572 638 2630 Ποσειδίππου
677 2575 900 2626 delenda
939 2591 1055 2627 esse
1091 2575 1219 2626 vidit
1256 2575 1492 2628 Rossius.
