2202 3918
227 229 335 281 3⁰8
772 257 774 263 ι
820 221 859 241 ”
907 227 909 229 ’
958 222 1337 276 MENANDRI

227 374 397 422 ratum
447 364 627 418 fuisse.
713 365 859 418 Facit
908 364 1013 415 huc
1050 366 1259 430 praeter
1296 363 1570 416 Theonem
1609 364 1767 432 Prog.
1804 380 1856 431 p.
1896 361 1965 414 15
2001 363 2086 415 ed.

227 459 404 509 Basa·
441 451 896 522 προσωποποιΐας
945 447 1001 500 τί
1047 448 1131 512 εἴη
1181 445 1410 508 κάλλιον
1457 445 1810 520 παράδειγμα
1858 483 1929 493 -.
1976 447 2088 500 τῶν

223 538 574 614 ,Μενάνδρου
609 534 937 609 δραμάτωνς
979 545 1033 590 et
1070 540 1356 591 Lucianum
1394 539 1592 592 Piscat.
1622 542 1644 590 1
1673 558 1732 607 p.
1763 542 1869 592 588
1904 542 2090 603 Amst.,

239 614 571 700 Aphthonius
612 631 767 695 Prog.
804 629 905 678 XII
944 645 995 694 p.
1013 628 1078 677 37
1121 627 1201 678 ed.
1245 627 1412 678 Cam.:
1453 624 1914 694 Προσωποποιΐα,
1951 619 2090 679 ὅταν

240 711 467 770 ἅπαντα
506 710 837 778 πλάττηται,
871 714 966 764 καὶ
991 701 1152 776 ’ἦθος
1179 712 1274 763 καὶ
1296 708 1612 779 πρόσωπον,
1647 705 1833 782 ὥσπερ
1868 711 2091 777 ἐποίησε

239 802 569 872 Μένανδρος
613 797 901 870 ’Έλεγχον.
987 804 1117 854 Item
1158 803 1518 869 Hermogenes
1556 803 1712 870 Prog.
1758 803 1828 854 1x
1864 804 1925 854 in‘
1956 805 2089 855 Bibl.

234 897 409 947 Goett.
448 894 571 944 Litt.
611 897 664 942 et
692 894 811 943 Art.
855 893 995 943 Part.
1036 892 1105 942 IX
1143 909 1193 958 p.
1234 893 1330 942 12:
1372 888 1799 959 προσωποποιΐα
1838 887 1915 952 δέ,
1956 882 2094 954 ὅταν

237 976 529 1051 πράγματι
577 975 898 1047 περιθῶμεν
945 973 1270 1047 πρόσωπον,
1336 969 1520 1048 ὥσπερ
1568 974 1597 1028 ὁ
1635 973 1892 1047 ’Ἔλεγχος
1940 975 2094 1047 παρὰ

239 1064 568 1138 Μενάνδρῳ.
651 1069 810 1120 Plura
859 1069 1217 1120 huiuscemodi
1274 1069 1689 1135 prosopopoeiae
1739 1070 1974 1134 exempla
2028 1086 2093 1121 ex

237 1161 469 1228 prologis
506 1158 799 1208 fabularum
836 1158 998 1224 petita
1036 1158 1183 1208 attuli
1225 1159 1345 1208 edit.
1368 1158 1487 1207 mai.
1527 1157 1592 1206 ad
1629 1157 1681 1206 h.
1705 1157 1739 1206 l.
1777 1158 1961 1222 quibus
1999 1159 2091 1208 ad-

239 1248 330 1299 das
370 1248 493 1297 licet
517 1245 805 1317 Afranium,
848 1261 1004 1310 quem
1033 1244 1266 1312 Sophiae
1302 1245 1504 1313 prologi
1543 1249 1718 1311 parte·
1756 1245 2095 1297 demandasse

239 1340 421 1387 auctor
457 1339 537 1386 est
567 1334 780 1405 ⁴Gellius
817 1333 937 1384 XIII
974 1334 1027 1384 8.

1049 1440 1296 1513 eccm.

384 1569 641 1621 Aristides
693 1569 846 1634 Apol.
885 1568 949 1619 T.
991 1566 1065 1618 111
1112 1584 1162 1633 p.
1199 1567 1306 1617 512
1357 1567 1494 1630 (vol.
1536 1568 1583 1618 11
1633 1585 1683 1635 p.
1721 1570 1829 1619 399
1880 1568 2096 1636 Dind.):

243 1650 294 1707 εἶ
329 1654 389 1706 δέ
426 1673 508 1716 τις
556 1648 744 1704 αὐτῶν
789 1653 913 1722 περὶ
961 1653 1057 1717 τῆς
1106 1650 1418 1720 ἐγκρατείας
1470 1653 1872 1723 διαλεγομένων
1915 1649 2100 1706 ἀπαν-

241 1738 396 1814 τικρὺ
435 1738 603 1805 σταίη
645 1739 784 1810 ἔχων
822 1740 1116 1809 ἔνθρυπτα
1153 1742 1248 1793 καὶ
1286 1737 1600 1819 στρεπτούς,
1637 1738 1964 1818 ἐκβάλλουσι
1998 1740 2102 1807 τὴν

241 1830 493 1907 γλῶτταν
528 1822 711 1899 ὥσπερ
768 1830 1049 1891 Μενέλεως
1097 1827 1160 1880 τὸ
1212 1828 1371 1899 ξίᾳος
1417 1835 1625 1900 (Eurip.
1664 1836 1913 1886 Androm.
1951 1836 2100 1899 620).

245 1915 425 1982 αὐτὴν
464 1920 568 1987 μὲν
605 1915 709 1987 γὰρ
746 1915 846 1969 ἐὰν
889 1918 1047 1969 ιὸωσι
1084 1915 1188 1980 τὴν
1221 1914 1480 1980 “Ελένην,
1513 1915 1744 1983 Ἑλένην
1779 1919 1946 1985 λέγω,
1989 1920 2101 1971 θε-

247 2003 529 2078 ράπαιναν
565 2009 668 2074 μὲν
706 1992 804 2055 οὗν
841 2002 1043 2056 ὁποίαν
1079 2002 1300 2069 ἐποίησε
1324 2005 1650 2076 Μένανδρος
1689 2005 1789 2070 τὴν
1831 2005 2100 2077 Φρυγίαν,

246 2093 322 2167 τῷ
368 2091 488 2146 ὄντι
534 2090 768 2146 παιδιὰν
817 2088 1197 2162 ἀποφαίνουσι
1253 2090 1379 2154 τους
1427 2090 1713 2162 Σατύρους
1762 2094 1861 2147 τοῦ
1911 2096 2101 2166 Σοφο-

248 2183 449 2245 κλέους.
547 2186 796 2251 Spectant
853 2184 984 2235 haec
1039 2187 1104 2234 ad
1167 2185 1445 2250 Sophoclis
1494 2177 1719 2247 Ἑλένης
1780 2179 2101 2250 ἀπαίτησιν,

251 2291 405 2341 quam
445 2265 717 2339 satyricam
755 2272 980 2323 fabulam
1018 2273 1181 2323 fuisse
1233 2290 1295 2324 ex
1332 2273 1448 2324 loco
1486 2274 1621 2340 apud
1660 2274 1985 2327 Athenaeum
2023 2277 2098 2327 Ill

250 2378 303 2429 p.
339 2362 409 2411 76
437 2360 487 2410 d.
526 2360 700 2426 colligi
738 2376 891 2426 posse
931 2359 1149 2410 videtur.

1049 2485 1324 2536 CCCLIII.

392 2594 617 2645 Iustinus
658 2592 814 2642 Mart.
854 2592 1005 2658 Apol.
1045 2609 1095 2657 p.
1135 2591 1283 2640 552:
1336 2588 1408 2660 τῷ
1461 2588 1518 2641 δὲ
1567 2592 1662 2642 καὶ
1709 2588 1786 2661 μὴ
1835 2590 1948 2643 δεῖν
1987 2589 2101 2660 χεί-

256 2696 375 2748 ρονι
411 2674 748 2747 ἀνθρώπους
785 2681 1128 2745 προσκυνεῖν,
1156 2662 1464 2749 Μενάνδρῳ
1502 2678 1575 2750 τῷ
1609 2680 1825 2752 κωμικῷ
1859 2682 1953 2732 καὶ
1989 2682 2103 2742 τοῖς

253 2767 322 2819 τὰ
369 2766 602 2818 τοιαῦτα
652 2762 872 2836 φήσασι
921 2759 1100 2815 ταῦτα
1151 2763 1366 2836 φράζω·
1440 2766 1662 2837 μείζονα
1709 2768 1814 2840 γὰρ
1855 2767 1954 2820 τὸν
2005 2768 2102 2831 δη-

253 2853 519 2926 μιουργὸν
557 2854 655 2906 τοῦ
692 2853 1089 2921 σκευαζομένου
1127 2849 1507 2923 άπεφήναντο.

1033 2985 1303 3038 CCCLlV.

401 3090 699 3154 Apostolius
738 3091 858 3140 XIX
906 3090 976 3140 83
1033 3095 1084 3139 et
1129 3091 1360 3141 incertus
1410 3092 1460 3141 in
1510 3092 1707 3143 Anecd.
1746 3092 1840 3142 Ox.
1881 3092 2112 3141 Crameri

255 3177 327 3230 IV
378 3193 430 3242 p.
469 3177 602 3226 254:
653 3167 893 3243 “’Υβρις
937 3194 1054 3226 και
1104 3165 1297 3237 οἶνος
1345 3171 1712 3228 ειώῦασιν
1760 3173 2114 3227 αποκαλύ-
2181 3172 2187 3181 ”

256 3277 458 3312 πτειν
508 3258 750 3328 φίλοις
793 3259 873 3311 τά
924 3243 1073 3326 ἤθη
1126 3281 1257 3315 των
1312 3262 1558 3334 φίλων,
1595 3258 1669 3325 ὡς
1705 3282 1845 3334 ᾳησι
1886 3265 2113 3315 Μέναν-
2180 3263 2187 3322 f

258 3347 404 3418 ὅρος.
481 3351 761 3400 Plutarcho
802 3353 980 3402 tribuit
1017 3355 1272 3406 Antonius
1312 3357 1439 3406 Mel.
1481 3355 1696 3407 vam
1738 3372 1784 3419 p.
1812 3356 1931 3404 116.
2008 3355 2110 3404 no·
2198 3339 2202 3391 ἓ

252 3439 440 3488 bracus
491 3439 707 3490 AdverS.
748 3440 794 3489 ll
834 3457 884 3505 p.
923 3441 1029 3490 282
1077 3450 1375 3509 comparato
1422 3446 1640 3511 Diogen.
1692 3443 1844 3493 Cent.
1888 3442 1983 3493 Vll
2022 3443 2112 3494 28.
2196 3449 2202 3497 ξ’
