2202 3918
805 188 1283 243 SENTENTIAE.

267 319 421 383 Probi
456 330 550 380 viri
586 337 698 383 esto
738 332 1178 398 temperantiaque
1213 333 1465 385 aemulus.

261 420 434 470 Satius
472 421 603 470 mori
641 435 792 486 quam
830 420 1128 470 calamitose
1168 419 1359 470 vivere.

260 508 347 559 Nil
384 506 543 558 facito
582 507 792 573 dignum
831 513 1015 568 morte,
1054 508 1097 557 si
1135 522 1276 558 amas
1315 506 1505 558 vivere.

127 599 229 650 1⁹5
269 597 508 649 Mulieris
543 596 827 647 aemulatus
864 595 1094 646 incendit
1131 581 1360 646 domum.

260 688 428 738 Vitam
468 701 531 735 ex
568 685 800 735 honestis
839 685 932 734 tibi
970 699 1094 749 para
1129 683 1369 749 negotiis.

260 775 415 826 Hand
453 774 588 824 liber
627 774 764 824 ultra
802 778 898 832 est,
936 772 1150 838 nuptiae
1187 787 1343 837 quem
1382 769 1628 822 vinciunt.

260 863 469 915 Nullam
506 878 622 913 esse
659 860 835 912 decuit
871 859 1135 922 feminam,
1174 859 1348 909 multis
1386 858 1569 910 modis.

256 952 462 1016 Quaere
499 950 802 1000 adiuvamen
839 948 996 997 rebus
1034 962 1246 997 uxorem
1284 947 1403 997 tuis.

113 1041 220 1090 200
259 1041 281 1066 ⁶
318 1036 507 1088 Mortis
544 1052 646 1087 non
686 1051 961 1096 memoreS,
997 1035 1289 1084 inconsulto
1328 1034 1560 1086 vivimus.

257 1127 280 1153 ⁶
319 1125 437 1177 Non
476 1131 573 1187 est,
613 1124 751 1174 iners
790 1129 843 1173 et
883 1123 1048 1173 malus
1088 1127 1143 1174 nt
1181 1124 1316 1173 vivat
1353 1115 1598 1174 suaviter.

252 1213 444 1265 Felicis
482 1228 665 1263 aevum
704 1213 817 1263 sine
854 1212 1002 1274 malis
1037 1228 1214 1279 agere,
1252 1216 1340 1262 aut
1376 1211 1524 1262 mori.

250 1303 427 1353 Bonae
462 1301 653 1352 indolis
691 1315 889 1350 venena
924 1305 1045 1350 aunt
1083 1315 1254 1350 mores
1289 1299 1431 1371 guali.

254 1390 447 1441 lninsta
483 1388 610 1456 fuge
648 1387 954 1455 compendia
991 1391 1045 1438 et
1081 1403 1254 1438 mores
1292 1386 1474 1437 malos.

106 1479 213 1532 205
248 1478 433 1531 Multis
467 1477 766 1529 hominibus
801 1477 977 1543 lingua
1015 1475 1299 1543 perniciem
1337 1475 1528 1527 attulit.

247 1569 390 1635 Opes
426 1572 623 1627 tenere,
660 1580 764 1615 non
801 1565 970 1616 teneri
1008 1566 1191 1632 opibus
1227 1566 1384 1616 iuvat.

243 1654 608 1708 Dulcissimnm
644 1653 921 1720 prudentia
954 1654 1094 1723 inter
1130 1670 1398 1722 prospera.

243 1745 369 1806 Sile,
405 1742 622 1793 meliora
658 1742 741 1792 vel
777 1742 995 1808 loquere
1029 1743 1255 1794 silentio.

246 1833 435 1887 Veniet
469 1835 711 1883 senectus
748 1845 904 1882 omne
944 1831 1142 1882 crimen
1180 1832 1456 1884 sustinens.

106 1923 213 1974 210
250 1922 448 1973 Natura
485 1918 666 1986 generi
702 1918 889 1984 cuique
926 1924 1168 1986 tanquam
1207 1922 1375 1987 patria
1413 1927 1509 1972 est.

245 2011 326 2061 Ex
362 2008 609 2069 moribus,
645 2022 749 2058 non
787 2023 928 2071 aere,
968 2016 1241 2076 nupturam
1279 2009 1510 2060 aestima.

248 2102 272 2126 ⁶
312 2097 570 2150 Vitiorum
606 2095 904 2148 hominibus
941 2099 1224 2164 pessimum
1263 2104 1343 2148 est
1379 2096 1650 2164 rapacitas.

245 2187 440 2242 Natura
476 2190 695 2251 superat
732 2200 886 2237 omne
925 2186 1194 2238 doctrinae
1229 2202 1412 2254 genus,
1453 2190 1457 2196 ’

245 2273 356 2327 Vox
394 2289 551 2341 prava
585 2288 689 2324 non
726 2274 976 2342 pertingit
1012 2276 1078 2326 ad
1114 2291 1288 2327 mores
1327 2275 1506 2326 bonos.

104 2362 209 2415 215
246 2361 270 2388 ⁶
308 2364 413 2414 Ant
449 2361 658 2412 caelebs
692 2362 824 2426 vive,
861 2369 950 2414 ant
986 2364 1228 2416 dominus
1263 2364 1411 2415 uxori
1449 2369 1587 2415 tuae.

240 2450 473 2512 Homini,
510 2454 568 2499 ut
607 2450 827 2513 videtur,
866 2452 1029 2518 patria
1066 2469 1152 2503 res
1190 2453 1490 2504 dulcissima
1528 2458 1623 2504 est.

237 2539 568 2607 Tempestiva
605 2539 774 2605 aliqua
812 2541 864 2590 ni
901 2542 1139 2607 voluptas
1176 2543 1258 2605 sit,
1296 2549 1467 2594 nocet.

242 2630 265 2658 ⁶
308 2629 479 2679 Iustus
518 2627 700 2678 beatus
737 2628 988 2694 optimum
1028 2637 1107 2680 est
1144 2632 1517 2697 spectaculum.

237 2719 334 2768 Est
371 2716 529 2768 moria
566 2716 862 2782 explorator
898 2717 1110 2768 humani
1149 2718 1277 2770 dies,

100 2807 205 2857 220
243 2805 397 2857 Malia
433 2804 631 2856 initium
670 2806 846 2871 lingna
884 2807 1156 2872 permultis
1195 2807 1355 2859 dedit.

239 2893 511 2946 Silentium
547 2893 942 2952 anteferendum
983 2902 1064 2947 est
1102 2897 1541 2963 turpiloqueutiae

238 2985 261 3009 ⁶
299 2981 675 3049 silentiumque
711 2984 932 3048 sapienti
971 2993 1049 3035 est
1089 2986 1376 3052 responsio.

237 3073 259 3096 ⁶
300 3069 573 3121 Hominem
612 3086 715 3121 non
753 3072 890 3122 velle
928 3073 1184 3139 significat
1221 3075 1500 3124 silentium.

238 3159 259 3183 ⁶
301 3156 478 3223 lnepta
516 3174 661 3209 mens
698 3159 993 3211 hominibus
1031 3161 1259 3228 impertit
1298 3164 1446 3214 mala.

92 3245 196 3298 225
233 3247 336 3298 Aut
373 3246 712 3298 occulendum
752 3249 824 3298 nll
862 3255 1025 3315 patra,
1063 3257 1152 3301 aut
1189 3252 1331 3302 solus
1368 3257 1536 3318 patra.

239 3335 311 3385 Ut
351 3334 511 3385 multa
549 3343 731 3387 venter
768 3336 972 3403 accipit,
1009 3338 1083 3389 sic
1120 3339 1355 3405 paucula.

244 3427 264 3449 ⁶
309 3421 643 3477 immemores
682 3424 1051 3478 beneficiorum
1091 3428 1257 3495 gignit
1294 3429 1482 3496 inopia.

1876 196 1982 249 8⁰5
