2202 3918
261 206 369 262 ⁸40
609 239 613 243 ,
747 206 763 253 .’
867 204 912 223 ·’
987 200 1416 258 ΜΕΝᾸΝΒΒῐ

406 341 602 416 Κρίνει
638 339 835 413 φίλους
859 339 902 395 ὁ
934 338 1142 412 καιρός,
1178 337 1252 404 ὥς
1285 339 1495 412 χρυσὸν
1530 337 1596 397 τό
1618 343 1759 416 πῦρ.

405 431 601 487 Κακὸν
636 432 896 502 μέγιστον
931 429 991 482 ἐν
1027 429 1246 500 βροτοῖς
1285 425 1587 495 ἀπληστία.

405 519 620 586 Κόλαζε
655 518 753 572 τὸν
789 516 1048 589 πονηρόν,
1088 514 1261 590 ἄνπερ
1299 517 1534 582 δυνατὸς
1570 509 1622 593 ᾖ.

404 609 602 665 Καλὸν
637 607 700 661 τὸ
736 605 1023 677 μηδὲνέίς
1059 605 1256 679 φίλους
1291 603 1650 680 ἁμαρτάνειν.

263 705 370 757 280
405 695 648 769 Κούφως
683 696 869 766 φέρειν
907 695 995 750 δεῖ
1024 695 1122 760 τὰς
1155 695 1518 769 παρεστώσας
1558 692 1740 766 τύχας.

404 784 623 855 Καιροῦ
656 783 835 853 τυχών
869 783 976 857 γὰρ
1014 787 1228 857 πτωχὸς
1264 782 1439 857 ἰσχύει
1473 785 1635 856 μέγα.

407 872 604 926 Κακοῦ
637 871 958 943 μεταβολὴν
994 871 1196 946 ἀνδρὸς
1228 874 1332 948 χρὴ
1371 874 1606 929 σιωπᾶν.

406 960 602 1016 Καλὸν
638 960 701 1014 τὸ
731 961 908 1033 γηρᾶν
943 965 1039 1016 καὶ
1075 962 1138 1017 τὸ
1174 963 1252 1034 μὴ
1292 963 1468 1035 γηρᾶν
1503 959 1689 1018 πάλιν.

405 1050 699 1104 Κάλλιστα
735 1050 904 1122 πειρῶ
938 1054 1032 1105 καὶ
1066 1054 1371 1122 λέγεινκαὶ
1409 1049 1747 1122 μανθάνειν.

264 1144 370 1198 285
412 1139 613 1202 Καλῶς
647 1135 867 1191 ἀκούειν
904 1141 1119 1210 μᾶλλον
1154 1137 1191 1206 ἢ
1228 1142 1486 1195 πλουτεῖν
1521 1141 1676 1195 θέλε.

405 1225 725 1284 Κάλλιστον
759 1228 817 1280 έν
852 1226 1079 1294 κήποισι
1117 1225 1318 1301 φύεται
1354 1226 1544 1302 ῥόδον.

408 1320 758 1388 Κατηγορεῖν
792 1315 891 1371 οὐκ
927 1314 1046 1371 ἔστι
1082 1319 1178 1371 καὶ
1213 1317 1417 1390 κρίνειν
1454 1315 1618 1387 ὁμοῦ.

408 1407 621 1477 Κέρδος
655 1404 899 1477 πονηρὸν
932 1405 1208 1476 μηδέποτε
1248 1402 1456 1476 βούλου
1493 1407 1704 1476 λαβεῖν.

408 1495 589 1561 Κενῆς
626 1495 684 1547 δὲ
724 1491 887 1561 δόξης
924 1492 1086 1548 οὐδὲν
1121 1492 1487 1565 ἀθλιώτερον.

266 1586 374 1641 290
411 1586 682 1656 Κρεῖττον
718 1582 936 1637 σιωπᾶν
971 1582 1124 1637 ἐστιν
1158 1580 1196 1650 ἢ
1233 1584 1420 1636 λαλεῖν
1455 1578 1657 1652 μάτην.
1733 1618 1737 1622 -

406 1671 604 1726 Καλὸν
639 1671 703 1726 τὸ
739 1668 1014 1737 θνήσκειν
1047 1662 1131 1734 οἷς
1168 1665 1337 1741 ὕβριν
1371 1670 1435 1724 τὸ
1473 1671 1570 1735 ζῆν
1606 1670 1772 1741 φέρει.

407 1760 604 1814 Κακοῦ
640 1762 744 1831 γὰρ
782 1757 983 1830 ἀνδρὸς
1020 1756 1158 1831 δῶρ’
1201 1758 1398 1824 ὄνησιν
1434 1756 1534 1810 οὐκ
1572 1755 1695 1827 ἔχει.

409 1849 607 1905 Κακὸν
640 1850 871 1920 φέρουσι
906 1845 1120 1920 καρπὸν
1156 1848 1212 1901 οἱ
1246 1848 1407 1901 κακοὶ
1443 1843 1618 1918 φίλοι.

412 1940 535 1993 Καὶ
570 1937 675 2003 ζῶν
708 1935 739 1991 ὁ
779 1937 992 2008 φαῦλος
1026 1938 1121 1989 καὶ
1158 1934 1362 1989 θανών
1395 1931 1695 1999 κολάζεται.

268 2031 376 2086 295
412 2025 608 2083 Καλὸν
644 2024 708 2079 τὸ
741 2023 1118 2096 θησαύρισμα
1151 2024 1368 2095 κειμένη
1399 2019 1572 2094 χάρις.

412 2118 683 2188 Κρεῖττον
719 2113 781 2167 τὸ
819 2113 896 2184 μὴ
935 2113 1031 2179 ζῆν
1067 2113 1218 2166 ἐστιν
1253 2107 1289 2177 ἢ
1325 2111 1421 2177 ζῆν
1457 2109 1694 2175 ἀθλίως.

411 2204 609 2261 Καλὸν
644 2205 704 2258 δὲ
741 2205 834 2258 καὶ
870 2204 1088 2276 γέροντι
1120 2200 1440 2273 μανθάνειν
1477 2196 1646 2272 σοφά.

412 2291 650 2364 Καρπὸς
684 2291 788 2362 γὰρ
824 2288 1020 2362 ἀρετῆς
1055 2290 1222 2344 ἐστιν
1243 2285 1502 2351 εὔτακτος
1542 2287 1683 2358 βίος.

412 2379 612 2437 Καλὸν
644 2379 709 2433 τὸ
746 2380 922 2445 νικᾶν,
958 2376 1255 2451 ὑπερνικοῖν
1291 2377 1351 2429 δὲ
1387 2373 1686 2447 σφαλερόν.

273 2477 381 2529 300
418 2468 621 2533 Καλῶς
657 2469 934 2524 πένεσθαι
971 2467 1188 2538 μᾶλλον
1229 2461 1263 2532 ἢ
1300 2466 1555 2519 πλουτεῖν
1585 2464 1779 2528 κακῶς.

397 2559 634 2631 ’Κέρδος
674 2555 916 2628 πονηρὸν
953 2554 1156 2626 ζημίαν
1191 2553 1278 2608 ἀεὶ
1319 2557 1487 2626 φέρει.

414 2647 587 2722 Κακῷ
624 2644 726 2700 σὺν
762 2643 926 2717 ἀνδρὶ
961 2641 1101 2716 μηδ’
1143 2638 1282 2707 ὅλως
1319 2638 1617 2713 ὁδοιπόρει.

415 2736 625 2811 Καλὸνι
650 2736 880 2806 ᾳέρουσι
914 2731 1131 2806 καρπὸν
1167 2735 1222 2786 οἱ
1259 2733 1451 2803 σεμνοὶ
1489 2727 1700 2804 τρόποι.

418 2823 613 2880 Κακὸν
649 2823 828 2896 φυτὸν
864 2825 1104 2895 πέφυκεν
1139 2822 1198 2874 ἐν
1234 2821 1337 2894 βίῳ
1373 2819 1527 2889 γυνή,

279 2920 385 2973 3⁰5
420 2916 514 2969 καὶ
549 2909 801 2983 κτώμεθ’
843 2909 1016 2975 αὐτάς
1050 2908 1124 2974 ὠς
1159 2908 1464 2979 ἀναγκαῖον
1499 2903 1691 2962 κακόν.

423 3001 592 3057 Κατὰ
625 3001 727 3068 τὴν
765 2997 917 3054 ἰδίαν
954 2997 1228 3073 φρόνησιν
1265 2996 1444 3060 οὐδεὶς
1480 2994 1703 3066 εὐτυχεῖ.

421 3091 617 3164 Καιρῷ
655 3087 845 3144 σκόπει
879 3087 949 3142 τὰ
986 3085 1289 3161 πράγματ’,
1327 3084 1499 3158 ἄνπερ
1535 3087 1669 3141 νοῦν
1705 3083 1842 3159 ἔχῃς.

422 3175 554 3234 Κάν
588 3182 701 3242 τοῖς
736 3176 1010 3250 ἀγροίκοις
1045 3178 1165 3232 ἐστὶ
1202 3174 1455 3238 παιδείας
1493 3172 1670 3243 λόγος.

424 3266 613 3339 Λιμὴν
652 3265 880 3338 ἀτυχίας
916 3269 1068 3322 ἐστὶν
1105 3263 1433 3337 ἀνθρώποις
1470 3265 1647 3335 τέχνη.

284 3364 390 3431 310
424 3355 574 3414 Λίαν
610 3358 787 3429 φιλῶν
823 3357 1059 3412 σεαυτὸν
1095 3353 1193 3426 οὐχ
1230 3355 1361 3421 ἕξεις
1397 3351 1579 3425 φίλον.

427 3443 633 3518 Λόγοις
672 3444 909 3518 ἀμείβου
946 3444 1044 3499 τὸν
1075 3442 1258 3515 λόγοις
1295 3438 1574 3498 πείθοντα
1612 3461 1690 3498 σε.
