2202 3918
232 183 354 246 aaa:
724 240 728 243 ,
976 177 1360 232 ΜΕΝΑΝυιῑι

375 317 486 384 Ὣς
520 314 628 386 ἡδὺ
664 314 729 371 τὸ
765 314 862 383 ζῆν
895 315 974 388 μὴ
1011 312 1347 387 φθονούσης
1383 317 1482 384 τῆς
1517 313 1697 391 τύχης.

376 406 487 473 “Ως
524 403 756 478 αἰσχρὸν
790 395 851 459 εὗ
884 404 980 471 ζῆν
1015 404 1076 457 ἐν
1110 407 1373 477 πονηροῖς
1406 404 1632 472 ἤθεσιν.

570 727 1774 797 SUPPLEMENTUM1.*)

244 873 352 928 565
383 866 626 939 Ἀγαθὰ
663 866 977 941 προθύμως
1011 872 1107 923 καὶ
1143 867 1297 923 λάλει
1333 872 1428 924 καὶ
1462 866 1746 941 μάνθανε.

378 958 592 1015 ”Λκουε
627 954 869 1024 πάντων,
906 960 1125 1028 έκλέγου
1164 959 1200 1011 δ
1211 957 1227 974 ³
1270 955 1314 1011 δι’
1351 962 1635 1032 συμφέρει.

387 1046 613 1104 Βούλου
649 1046 713 1101 τὸ
751 1046 971 1119 πρῶτον
1002 1038 1247 1118 εὐσεβεῖν
1284 1049 1420 1119 πρὸς
1455 1048 1554 1102 τὸν
1587 1046 1748 1105 θεόν.

386 1137 579 1203 Βουλὴ
616 1135 832 1207 πονηρὰ
862 1136 1108 1208 χρηστὸν
1143 1134 1244 1190 οὐκ
1280 1135 1385 1213 ἔχει
1422 1139 1590 1200 τέλος.

392 1227 573 1289 Γέλως
609 1225 680 1278 τὰ
713 1224 895 1295 σεμνὰ
930 1226 1031 1279 τοῦ
1069 1226 1197 1294 βίου
1233 1227 1348 1287 τοῖς
1384 1223 1687 1298 σώφροσιν.

247 1323 356 1376 570
387 1314 615 1388 ,Δίκαιος
652 1315 787 1367 ἴσθι
821 1315 915 1367 καὶ
954 1312 1171 1385 φίλοισι
1206 1316 1301 1367 καὶ
1339 1314 1528 1381 ξένοις.

376 1403 604 1475 ’Έλεγχε
643 1401 856 1457 σαυτὸν
891 1396 1045 1467 ὅστις
1082 1394 1135 1455 εἷ
1166 1400 1424 1474 πράττων
1459 1403 1651 1468 κακῶς.

380 1485 589 1555 ςΙΙθος
627 1491 944 1563 πανοῦργον
978 1492 1200 1566 μακρὰν
1234 1488 1420 1559 οἰκίζει
1455 1493 1618 1547 θεοῦ.

380 1580 566 1646 ”Ηθη
605 1578 675 1632 τὰ
709 1578 936 1633 πάντων
971 1581 1030 1632 έν
1060 1580 1241 1654 χρόνῳ
1278 1578 1605 1653 πειράζεται.

398 1667 592 1741 Θυμὸν
627 1664 935 1739 φυλάττου·
976 1670 1041 1721 τὸ
1079 1672 1305 1741 φρονεῖν
1341 1667 1446 1740 γὰρ
1482 1667 1581 1722 οὐκ
1617 1667 1738 1739 ἔχει.
1782 1706 1785 1707 ⁷

252 1763 360 1818 575
385 1757 549 1812 Ἴσον
584 1757 736 1810 ἐστὶν
771 1751 847 1820 εἰς
885 1756 995 1828 πῦρ
1030 1761 1126 1811 καὶ
1160 1759 1423 1826 γυναῖκας
1458 1757 1730 1827 ἐμπεσεῖν.

399 1844 621 1911 Κόλαζε
652 1843 853 1916 κρίνων
889 1843 1032 1899 ἀλλὰ
1068 1845 1146 1916 μὴ
1184 1843 1561 1917 θυμούμενος.

395 1933 593 1999 Λὺπης
630 1928 817 2004 ἰατρός
852 1934 1004 1987 ἐστιν
1035 1933 1067 1987 ὁ
1097 1934 1337 2005 χρηστὸς
1371 1935 1553 2004 φίλος.

399 2024 701 2090 Μηδέποτε
736 2021 937 2075 δοῦλον
974 2019 1175 2087 ἡδονῆς
1212 2021 1423 2076 σαυτὸν
1459 2012 1623 2078 ποίει.

397 2111 550 2174 Νοῦς
587 2111 705 2167 ἐστι
741 2106 968 2164 πάντων
1003 2107 1232 2182 ἡγεμών
1257 2112 1367 2164 τῶν
1396 2110 1702 2183 χρησίμων.

255 2207 363 2259 580
401 2198 616 2270 Νόμοις
653 2200 899 2253 ἕπεσθαι
933 2196 1119 2252 πάντα
1157 2201 1248 2254 δεῖ
1275 2199 1375 2254 τὸν
1410 2198 1694 2272 σώφρονα.

394 2286 452 2342 Ὁ
490 2287 612 2357 βίος
647 2285 886 2352 ἀδήλους
920 2285 1019 2350 τὰς
1055 2287 1435 2358 μεταπτώσεις
1471 2295 1598 2360 ἔχει.

408 2372 603 2438 Οὐδεὶς
639 2375 814 2428 ποιῶν
850 2375 1067 2446 πονηρὰ
1103 2375 1378 2431 λανθάνει
1417 2375 1580 2432 θεόν.

401 2464 904 2534 Πολυπραγμονεῖν
939 2461 1201 2536 ἀλλότρια
1224 2466 1313 2535 ,μὴ
1353 2462 1560 2534 βούλου
1594 2461 1752 2520 κακά.

406 2552 485 2606 Τὸ
521 2553 710 2622 γνῶθι
743 2551 954 2605 σαυτὸν
990 2552 1163 2607 πᾶσίν
1196 2553 1317 2607 ε’στι
1346 2551 1644 2624 χρήσιμον.

257 2645 367 2699 585
408 2638 578 2695 Τοῦτ’
617 2641 737 2694 ἐστὶ
774 2640 838 2693 τὸ
874 2640 971 2706 ζῆν
1002 2641 1080 2712 μὴ
1119 2643 1333 2717 σεαυτῷ
1367 2643 1463 2708 ζῆν
1498 2638 1670 2715 μόνῳ.

300 2723 307 2730 ’
409 2728 493 2784 Τά
529 2728 588 2782 δ’
628 2724 831 2799 αἰσχρὰ
865 2730 1029 2801 κέρδη
1066 2729 1360 2803 συμφορὰς
1394 2729 1688 2802 ἐργάζεται.

388 2813 673 2881 “’Υπουλος
709 2816 853 2888 ἀνὴρ
891 2817 1116 2872 δίκτυον
1150 2821 1535 2891 κεκρυμμένον.

391 2901 583 2978 “’Υδωρ
619 2903 922 2971 θαλάσσης
957 2904 989 2960 ὁ
1024 2905 1226 2977 τρόπος
1262 2909 1373 2960 τῶν
1409 2903 1709 2964 δυσκόλων.

411 2997 539 3058 Φῶς
575 2995 694 3048 ἐστι
728 2995 804 3068 τῷ
835 2995 918 3067 νῷ
953 2997 1088 3064 πρὸς
1123 2995 1269 3050 θεὸν
1305 2997 1528 3065 βλέπειν
1564 2993 1666 3049 ἀεί.

262 3089 370 3140 590
411 3084 583 3146 Φίλος
620 3082 790 3154 φίλου
827 3082 1083 3155 δεόμενος
1117 3082 1216 3139 οὐκ
1252 3083 1403 3138 ἔστιν
1440 3082 1617 3153 φίλος.

411 3172 645 3244 Χαίρειν
680 3169 945 3244 προσήκει
980 3176 1094 3236 τοῖς
1128 3172 1341 3227 παθῶν
1375 3160 1709 3246 ἐλευθέροις.

378 3357 419 3410 1”)
447 3358 689 3415 Descripsit
716 3374 773 3402 ex
801 3362 899 3404 cod.
932 3362 1120 3405 Vindob.
1151 3360 1334 3413 (Philot.
1367 3373 1432 3413 gr·
1463 3360 1643 3415 CLXV)
1675 3364 1718 3404 et
1749 3373 1830 3417 per
1862 3359 1948 3403 Th.
1968 3361 2112 3414 Berg-

260 3434 382 3478 kium
411 3447 585 3477 mecum
619 3436 953 3481 communicavit
983 3440 1015 3479 Ι.
1045 3438 1102 3480 Η.
1135 3437 1185 3479 C.
1217 3436 1483 3480 Schubartus
1515 3452 1553 3480 v.
1585 3440 1639 3480 cl.

2176 3377 2184 3428 i
