2202 3918
224 192 330 244 alo
772 208 777 221 x
960 177 1342 239 MENANnm

1085 361 1228 415 XIV.

366 471 655 551 Scholiasta
707 467 974 535 Aristoph.
1012 467 1231 534 Lysistr.
1268 467 1404 518 3782
1453 465 1578 535 περὶ
1623 461 1912 535 γαμηλίων
1957 465 2080 519 λου.

224 557 371 632 ’τρῶν
407 556 739 628 Μένανδρος
767 553 826 607 ἐν
864 550 1046 625 Κρητί
1083 570 1224 625 φησι
1261 555 1356 605 καὶ
1391 552 1451 605 ἐν
1480 549 1938 627 ’ΥπορὀλιμαὶιμΔ

1104 698 1222 752 XV.

369 808 717 878 Quintilianus
768 806 791 857 1
838 806 936 856 lo:
980 806 1124 873 apud
1159 765 1509 856 Menandrum
1556 809 1615 857 in
1664 805 2083 874 Hypobolimaeo

121 916 124 918 ’
226 917 388 952 senex
433 897 732 965 reposcenti
762 894 946 962 filium
986 895 1142 962 patri
1186 894 1331 945 velut
1366 895 1630 946 rationem
1682 895 2084 963 impendiorum,

228 1003 363 1057 quae
415 988 476 1037 in
525 985 892 1036 educationem
939 981 1267 1044 contulerat,
1330 998 1624 1050 opponens,
1675 984 1874 1051 psaltis
1928 1002 1986 1035 se
2032 989 2086 1034 et

227 1076 512 1144 geometris
568 1073 737 1123 multa
788 1072 926 1122 dicit
976 1071 1201 1122 dedisse.
1289 1071 1366 1132 Ea
1403 1073 1697 1123 Menander
1741 1073 1814 1123 ita
1859 1072 2085 1123 fortasse

231 1165 506 1225 extulerat,
566 1156 815 1220 Ψάλταις
865 1155 1040 1209 ἔδωκα
1087 1157 1183 1208 καὶ
1219 1157 1547 1227 γεωμέτραις
1596 1153 1755 1212 πολύ.
1837 1162 2086 1211 Ceterum

230 1234 534 1319 Spaldingio
572 1250 637 1302 ad
675 1250 786 1301 h.l.
825 1249 1044 1315 duplicis
1083 1248 1238 1309 tituli,
1275 1248 1339 1297 ab
1378 1264 1482 1298 uno
1525 1244 1712 1300 Photio
1751 1248 1962 1311 servati,
1999 1264 2083 1299 ra·
2182 1292 2186 1298 .

228 1342 423 1391 tionem
463 1338 784 1405 probabilem
822 1337 898 1387 sic
934 1336 1083 1385 reddi
1110 1352 1267 1401 posse
1304 1336 1554 1402 opinanti,
1591 1338 1635 1388 si
1672 1338 1735 1400 is,
1773 1337 1861 1403 qui
1899 1337 1950 1388 in
1990 1352 2084 1387 no·-

227 1428 472 1480 biliorem
504 1432 715 1492 gentem
752 1431 1027 1493 parentum
1064 1422 1251 1474 fraude
1290 1431 1430 1474 esset
1466 1426 1795 1492 suppositus,
1833 1425 1959 1476 mira
1997 1441 2086 1475 ru-

231 1517 456 1584 sticitate
493 1521 663 1564 ortum
703 1529 853 1564 suum
892 1511 1184 1578 prodidisse
1221 1511 1448 1575 dicatur,
1496 1514 1616 1563 huie
1666 1513 1827 1580 igitur
1877 1518 2087 1564 senten-

230 1606 335 1658 tiae
371 1603 643 1670 quominus
681 1600 925 1652 accedam
965 1599 1090 1650 facit
1129 1601 1397 1651 Ciceronis
1438 1602 1583 1652 loeus
1622 1609 1751 1653 orat.
1791 1618 1887 1668 pro
1927 1602 2086 1653 Rosc.

237 1695 415 1747 Amer.
450 1708 564 1758 cap.
604 1692 702 1741 162
755 1688 948 1757 ecquid
995 1689 1212 1739 tandem
1249 1689 1353 1739 tibi
1389 1690 1627 1753 videtur,
1677 1697 1736 1742 ut
1771 1692 1846 1743 ad
1868 1691 2089 1758 fabulas

231 1783 533 1842 veniamus,
583 1796 742 1832 senex
792 1779 884 1828 ille
926 1777 1264 1829 Caecilianus
1300 1779 1521 1829 minoris
1547 1781 1738 1846 facere
1772 1780 2087 1846 Eutychum,

216 1870 400 1940 filium
435 1869 709 1931 rusticum,
750 1884 904 1936 quam
941 1866 1090 1918 illum
1114 1867 1340 1919 alterum
1365 1866 1828 1919 Chaerestratum?
1863 1868 2091 1919 alterum

232 1960 293 2010 in
329 1956 454 2008 urbe
488 1974 663 2008 secum
699 1957 912 2007 honoris
949 1972 1140 2007 caussa
1176 1955 1394 2018 habere,
1443 1956 1668 2008 alterum
1714 1974 1803 2007 rus
1827 1957 2090 2024 ,supplicii

235 2063 424 2097 caussa
460 2046 765 2113 relegasse?
800 2046 948 2094 Haec
986 2060 1016 2094 e
1055 2044 1266 2095 Caecilii
1295 2045 1729 2110 Hypobolimaeo,
1766 2046 1831 2095 ad
1869 2047 2090 2096 Menan-

237 2135 395 2187 dreae
434 2133 644 2185 fabulae
686 2133 1028 2184 imitationem
1075 2133 1390 2198 composito,
1437 2135 1596 2199 petita
1647 2150 1763 2184 esse
1796 2133 1949 2184 docet
1987 2135 2090 2185 Fe·-

236 2229 346 2274 stus
382 2223 449 2272 de
484 2224 627 2273 verb.
666 2223 885 2288 signific.
925 2238 974 2286 p.
1016 2220 1121 2272 337
1166 2221 1248 2271 ed.
1289 2220 1509 2273 Godot'r.
1563 2206 1850 2273 Caecilius¹
1882 2224 1940 2273 in
1977 2222 2091 2289 Hy-

231 2310 567 2381 pobolimaeo
610 2308 1013 2361 Chaerestrato:

322 2400 489 2462 „Nam
526 2399 627 2449 ista
665 2398 874 2463 quidem
911 2413 1043 2448 noxa
1081 2397 1313 2448 mulieris
1352 2397 1513 2465 magis
1553 2415 1705 2464 quam
1741 2399 1837 2450 viri
1877 2399 2004 2451 est’‘.

240 2487 329 2538 Sic
377 2486 511 2537 enim
554 2487 859 2552 legendum.
947 2485 1126 2550 ltaque
1174 2487 1426 2552 suspicari
1474 2488 1596 2537 licet
1645 2488 1989 2538 Menandrum
2035 2489 2090 2539 in

241 2576 341 2625 hac
379 2575 552 2625 fabula
589 2581 790 2641 patrem
826 2574 1108 2635 induxisse,
1149 2575 1236 2639 qui
1275 2575 1404 2626 duos
1425 2575 1643 2626 haberet
1679 2578 1834 2638 filine,
1872 2578 2090 2648 alterum

245 2663 656 2728 supposititium,
704 2665 925 2715 alterum
977 2663 1290 2729 genuinum3
1342 2670 1395 2714 et
1433 2665 1572 2716 hunc
1609 2666 1818 2731 quidem
1855 2666 1945 2716 ille
1982 2667 2092 2717 ruri

247 2751 570 2801 educandum
608 2753 959 2802 seni‘cuidam
998 2752 1298 2802 tradiderat.

389 2841 463 2888 De
501 2841 600 2889 alio
640 2841 964 2908 fragmento,
1016 2842 1154 2906 quod
1194 2841 1415 2891 dubitari
1457 2849 1632 2908 potest
1682 2859 1803 2894 num
1844 2851 1986 2895 recte
2025 2846 2089 2897 ad

247 2928 715 2996 llypobolimaeum
754 2931 1031 2991 referatur,
1049 2927 1175 2992 „dixi
1215 2929 1278 2978 ad
1318 2931 1650 2983 Heniochum
1687 2949 1738 2998 p.
1779 2934 1898 2986 127.

1004 3174 1334 3187 Μ
